3082 4980
246 421 352 481 xxxviii
438 433 443 439 ’
657 415 981 478 PROLEGOMENA.

248 579 416 656 significarit
434 576 521 655 (Plut.
538 577 575 636 de
594 577 634 635 Is.
656 585 685 633 et
704 574 779 636 Osir.
797 588 844 650 75,
864 572 956 632 Clem.
975 575 1081 634 Strom.
1099 593 1154 646 242
1169 572 1207 653 *),
1225 583 1254 632 et
1275 574 1307 631 in
1330 591 1406 633 con-

248 661 334 720 uiuiis
358 661 570 736 Aegyptiorum
595 675 664 717 curn
688 658 824 733 accipitre
848 672 903 732 pro
928 656 996 713 luna
1016 664 1048 713 ut
1069 657 1093 714 is
1114 674 1168 730 pro
1189 657 1252 733 sole
1276 655 1407 730 figurata

248 742 333 801 suerit
346 753 376 802 et
389 742 427 800 ab
441 741 564 800 Aeliano
579 748 689 798 sacrata
702 739 788 797 lunae
802 738 939 799 dicatur†
954 736 1008 815 (Η.
1024 738 1059 794 A.
1074 738 1102 794 ii.
1119 734 1178 815 38).

290 823 424 882 Eandem
435 822 572 881 Mercurii
587 838 657 880 cum
668 821 813 896 Aegyptia
824 837 879 876 aue
889 819 1138 877 consociationem
1154 818 1280 877 declarat
1294 817 1405 889 fabula,

251 923 326 982 quae
348 904 426 980 apud
443 904 626 962 Antoninum
649 901 811 960 Liberalem
832 904 878 971 28,
900 899 1040 958 Ouidium
1060 898 1102 957 M.
1118 919 1142 958 v.
1160 919 1228 975 331,
1247 899 1406 975 Hyginum

250 986 282 1046 P.
303 985 339 1044 A.
365 986 393 1043 ii.
419 988 456 1043 28
479 994 564 1043 extat.
608 983 667 1056 Qui
690 983 731 1042 sic
753 992 856 1041 narrat.
897 983 1036 1058 Aegyptii
1053 983 1200 1040 sacerdotes
1221 990 1247 1039 el
1272 982 1411 1039 nonnulli

244 1075 340 1143 poetae
367 1067 470 1136 dicunt,
498 1084 559 1123 curn
592 1066 733 1139 conplures
760 1066 804 1121 dz'r'
834 1066 864 1121 in
891 1063 1050 1139 Aegyptum
1077 1065 1269 1133 conuem'ssent,
1297 1070 1408 1137 repenle

244 1150 404 1224 peruenisse
413 1149 499 1205 eodem
511 1146 651 1223 Typhona,
661 1149 826 1204 acerrimum
833 1148 955 1222 giganta
966 1152 991 1201 el
1003 1148 1159 1202 mextenum
1171 1146 1280 1202 deorum
1290 1144 1406 1203 hostem.

250 1249 304 1306 quo
318 1231 413 1287 tz'rnon
427 1236 564 1304 permotos
583 1229 614 1285 ln
632 1229 707 1285 oleos
719 1228 837 1304 figuras
849 1247 878 1285 se
889 1228 1051 1284 conuertisse
1059 1248 1074 1294 ,·
1097 1225 1274 1284 Mercurium
1283 1228 1406 1304 seclum

251 1330 307 1370 esse
327 1311 394 1382 ν’ύίτι,
413 1310 568 1386 Apollznene
587 1317 675 1367 aulem
698 1327 766 1384 quae
786 1307 818 1364 T
812 1309 916 1367 lrret'er'o
937 1311 1140 1378 euzeuocutur,
1157 1307 1284 1366 Dionem
1305 1309 1408 1365 aeluro

251 1393 414 1451 schadelant.
431 1391 531 1467 quibus
552 1392 583 1448 de
602 1393 695 1449 causis
709 1391 861 1466 Aegyptios
879 1410 910 1448 eu
926 1409 1031 1467 genera
1054 1391 1161 1447 uiolari
1176 1409 1230 1448 non
1250 1390 1340 1446 sunm
1360 1390 1406 1445 de-

252 1480 414 1546 monstrant,
428 1475 501 1547 quod
510 1475 620 1531 ιίιονυπι
635 1473 768 1548 r'megr'rus
780 1473 918 1530 dr'conlur.

295 1553 509 1614 Callimachum
523 1555 611 1630 igitur
625 1555 714 1612 credo
734 1572 786 1629 per
806 1555 867 1612 ibin
888 1553 1071 1629 potissimum
1087 1552 1263 1628 significasse
1277 1551 1407 1627 Apollo·

254 1637 343 1704 nium,
350 1637 441 1713 quod,
451 1646 483 1694 ut
491 1636 674 1712 Apollonius,
686 1635 763 1694 circa
772 1635 930 1694 Naucratin
940 1645 1108 1704 uersaretur,
1120 1643 1149 1692 et
1156 1633 1276 1692 haberet
1285 1651 1362 1708 quae
1373 1634 1406 1691 in

255 1719 406 1795 Apollonii
421 1718 550 1794 gestibus
565 1717 721 1792 habituque
735 1717 944 1787 morderentur,
955 1727 984 1774 et
995 1717 1120 1775 eundem
1135 1727 1283 1792 tamquam
1297 1715 1406 1773 falsum

254 1799 404 1877 quendam
423 1799 557 1861 Hermen
577 1799 638 1857 siue
657 1798 786 1856 Hermae
805 1797 947 1856 famulum
967 1807 1201 1874 repraesentaret.
1240 1795 1319 1854 Nam
1342 1797 1407 1854 siue

256 1882 350 1940 scriba
366 1881 430 1957 ipse
448 1880 496 1938 uel
515 1892 597 1956 pater
611 1879 711 1951 suerat,
727 1879 853 1937 Hermes
871 1878 918 1937 ille
940 1882 1154 1952 ἱερογραμματεὺς
1172 1879 1294 1938 deorum
1313 1877 1407 1936 habe·

256 1964 354 2034 batum
376 1962 438 2020 siue
460 1963 491 2019 in
513 1962 689 2020 carminibus
709 1979 820 2018 nouum
840 1960 947 2036 aliquid
960 1971 990 2019 et
1004 1963 1176 2019 intentatum
1193 1959 1351 2030 affectarat,
1367 1959 1407 2018 ad

256 2043 390 2102 Hermen
405 2042 551 2100 redierunt
565 2043 698 2116 γράμματα
713 2041 848 2119 (Phaedr.
865 2041 937 2122 274)
951 2051 980 2100 et
990 2042 1135 2120 'quidquid
1154 2042 1190 2100 ad
1205 2041 1339 2100 homines
1354 2059 1406 2098 ex-

255 2123 399 2184 colendos
413 2141 466 2199 per
479 2122 587 2182 litteras
602 2123 641 2181 fit.
683 2121 770 2182 Certe
790 2142 851 2181 non
866 2125 970 2182 desunt
989 2125 1020 2183 in
1034 2124 1248 2200 ArgonauticiS,
1265 2131 1297 2180 ut
1316 2122 1407 2181 hodie

257 2205 402 2280 leguntur,
428 2203 577 2280 Apollonii
603 2223 678 2282 quae
700 2205 846 2282 peculiare
870 2206 1021 2264 artificium
1047 2207 1177 2282 sapiant;
1199 2205 1355 2280 praecipue
1376 2205 1408 2261 in

254 2287 362 2344 ordine
374 2303 434 2361 quo
449 2285 557 2344 litterae
573 2295 774 2358 conectuntur,
785 2287 930 2345 uocabula
945 2305 975 2345 se
990 2289 1146 2364 excipiunt,
1159 2286 1236 2343 unde
1246 2286 1408 2343 distinctior

258 2385 396 2426 uersuum
416 2365 566 2442 rhythmus
581 2367 612 2425 fit
627 2377 655 2425 et
670 2369 752 2443 quasi
772 2387 824 2445 per
844 2369 978 2426 articulos
998 2369 1167 2445 expressior.
1209 2367 1245 2425 Id
1259 2366 1408 2443 singulare
1432 2441 1433 2444 Ἴ

260 2466 368 2506 munus
382 2447 513 2506 Hermae
532 2449 592 2506 siue
609 2447 727 2507 Theuth
741 2449 888 2527 Aegyptio
903 2449 986 2508 Plato
1008 2451 1105 2509 tribuit
1124 2452 1154 2508 in
1174 2449 1294 2507 Philebo
1314 2451 1360 2518 18,
1376 2458 1409 2506 ut

259 2530 417 2588 litterarum
430 2529 483 2588 tria
497 2547 612 2606 genera,
626 2531 743 2589 uocales
756 2529 922 2609 (φωνήεντα),
937 2542 1030 2590 mutas
1041 2528 1163 2610 (ἄφωνα),
1179 2531 1289 2589 medias
1304 2529 1409 2608 (φωνῆς

259 2613 306 2681 μὲν
323 2616 363 2682 οὕ,
382 2612 501 2685 φθόγγου
523 2613 550 2666 δὲ
570 2613 708 2684 μετέχοντά
725 2614 805 2685 τινος)
826 2612 1016 2685 discemeret3
1038 2631 1134 2689 neque
1149 2632 1166 2671 a
1180 2630 1251 2671 uero
1270 2611 1410 2670 abhorret

260 2692 318 2750 hoc
339 2692 369 2749 in
385 2691 533 2768 Apollonii
554 2693 730 2752 carminibus
751 2693 932 2753 Callimacho
953 2694 1141 2770 displicuisse,
1156 2694 1236 2771 quod
1255 2693 1410 2752 uocalibus

260 2773 352 2831 modo
367 2774 441 2832 inter
456 2791 487 2833 se
502 2774 653 2850 copulatis,
665 2774 756 2833 modo
771 2775 950 2834 artificiosius
961 2776 1115 2852 dispositis,
1127 2775 1358 2835 consonantibus
1368 2775 1411 2833 ita

259 2855 419 2914 distributis
433 2865 465 2912 ut
479 2855 551 2914 nihil
564 2856 594 2914 in
615 2874 702 2914 uersu
722 2856 776 2914 nisi
798 2875 835 2915 ex
849 2857 999 2934 proposito
1014 2858 1143 2933 asperius
1158 2866 1280 2927 sonaret,
1296 2874 1412 2914 nouam

259 2936 409 3013 quandam
432 2947 523 2994 artem
544 2937 682 2997 inducere
703 2937 874 3000 uideretur.†
916 2937 1007 3010 Quod
1028 2940 1116 3016 siquis
1137 2940 1244 2997 obiciat
1262 2937 1319 2996 hoc
1337 2956 1412 3014 prae

258 3019 397 3076 omnibus
420 3018 649 3077 Callimacheum
670 3037 743 3089 esse,
768 3038 830 3078 non
852 3021 919 3079 ideo
941 3021 1017 3078 cadit
1040 3021 1214 3089 coniectura,
1237 3038 1306 3076 nam
1329 3018 1413 3077 idern

257 3099 288 3157 in
299 3100 444 3176 perpolito
455 3102 585 3160 carmine
599 3102 774 3177 exquisitum
788 3111 908 3177 poterat,
919 3101 950 3158 in
963 3100 1155 3160 adulescentis
1169 3101 1306 3160 incohato
1318 3118 1412 3176 opere

258 3181 393 3258 putidum
406 3182 506 3240 uideri.
1298 3244 1299 3247 ,

298 3262 400 3322 Unum
426 3264 713 3339 praetermittendum
741 3281 802 3322 non
831 3273 909 3323 erat:
941 3263 1152 3324 Callimachum
1179 3265 1210 3322 in
1238 3265 1414 3326 insectanda
1503 3335 1505 3343 .

287 3425 303 3459 *
318 3422 379 3470 Plut.
392 3423 421 3470 de
437 3423 466 3470 ls.
480 3432 503 3470 et
519 3424 579 3473 Osir.
594 3432 623 3486 75
636 3426 671 3488 Τῇ
689 3421 715 3471 δὲ
732 3422 780 3471 τῶν
792 3423 869 3472 ποδῶν
882 3422 992 3478 διαβάσει
1009 3422 1065 3489 πρὸς
1080 3424 1203 3486 ἀλλήλους
1220 3422 1259 3471 καί
1272 3422 1302 3471 τὸ
1314 3424 1414 3489 ῥύγχος

253 3485 398 3548 ἰσόπλευρον
407 3488 472 3535 ποιεῖ
477 3488 601 3550 τρίγωνον·
620 3487 656 3537 ἔτι
666 3487 692 3537 δὲ
699 3490 715 3549 ἠ
722 3487 773 3536 τῶν
779 3488 890 3551 μελάνων
899 3490 990 3551 πτερῶν
999 3490 1050 3552 περί
1059 3491 1091 3539 τὰ
1099 3490 1175 3539 λευκὰ
1183 3488 1288 3538 ποικιλία
1296 3490 1339 3539 καί
1348 3492 1415 3554 μίξις

253 3549 366 3614 ἐμφαίνει
377 3551 423 3612 τήν
434 3553 541 3615 σελήνην
553 3552 708 3622 ἀμφίκυρτον.
735 3556 793 3603 Vide
804 3557 942 3617 Partheyum
955 3560 978 3604 in
989 3558 1032 3606 loc.
1058 3559 1131 3605 Clem.
1143 3559 1226 3605 Strom.
1239 3571 1285 3618 242
1299 3558 1320 3605 S.
1340 3557 1370 3604 Ἤ
1383 3558 1413 3607 δὲ

174 3624 178 3627 ’
253 3615 303 3672 ίβις
313 3615 463 3680 (σύμβολον)
471 3617 584 3680 σελήνης,
594 3617 626 3666 τὰ
637 3619 681 3679 μὲν
691 3617 775 3682 σκιερὰ
786 3621 821 3683 τῷ
832 3620 925 3681 μέλανι,
933 3620 965 3669 τὰ
976 3621 1002 3670 δὲ
1013 3621 1116 3684 φωτεινὰ
1124 3623 1159 3684 τῷ
1167 3622 1248 3683 λευκῷ
1256 3620 1306 3669 τῶν
1313 3620 1414 3672 πτίλων

253 3679 406 3743 εἰκαζόντων.

289 3750 308 3807 †
325 3749 413 3798 Aeliau.
426 3749 457 3798 H.
469 3750 498 3796 A.
509 3749 534 3797 ii.
548 3749 579 3810 38
590 3745 652 3813 Ἱερὰ
663 3749 707 3810 τῆς
719 3748 823 3813 σελήνης
833 3753 850 3814 ἡ
862 3749 923 3814 ὅρνις
932 3752 993 3802 ἐστί,
1018 3751 1143 3802 τοσούτων
1153 3752 1214 3817 γοῦν
1225 3751 1321 3814 ἡμερῶν
1330 3752 1364 3801 τὰ
1375 3752 1415 3816 ald

256 3811 382 3875 luyhtlpet,
395 3812 485 3873 ὄαιυνή
502 3811 554 3862 θεὸς
570 3812 634 3876 αύξει
646 3832 674 3863 τε
692 3814 731 3863 καί
747 3816 827 3879 λήγει.
852 3818 896 3878 τῆς
907 3820 933 3866 δὲ
945 3818 1068 3881 Αἰγύπτου
1085 3818 1172 3868 οὔποτε
1189 3818 1312 3880 ἀποδημεῖ.
1335 3819 1366 3867 τὸ
1383 3821 1413 3870 δὲ

255 3877 341 3939 αἴτιον,
359 3878 493 3940 νοτιωτάτη
513 3880 598 3942 χωρῶν
616 3880 715 3928 ἁπασῶν
732 3880 852 3942 Αἴγυπτόν
873 3884 934 3939 ἐστι,
953 3885 994 3932 καί
1012 3886 1028 3945 ἠ
1048 3885 1139 3947 σελήνη
1160 3883 1186 3931 δὲ
1205 3882 1337 3946 νοτιωτάτη
1358 3886 1413 3935 τῶν

256 3943 418 4004 πλανωμένων
428 3943 525 4008 ἄστρων
533 3944 694 3994 πεπίστευται.
712 3954 718 3974 ·
728 3948 814 3997 Tehuti
826 3959 951 4012 represents
959 3951 998 3998 the
1008 3953 1092 4008 Moon,
1100 3952 1175 3999 which
1186 3950 1215 3998 he
1223 3967 1292 3998 wears
1300 3966 1364 4012 upon
1373 3953 1413 4000 his

257 4013 324 4071 head,
338 4012 410 4059 either
422 4027 446 4059 as
458 4022 559 4060 crescent
570 4028 596 4059 or
609 4029 634 4060 as
646 4014 685 4061 lull
698 4014 764 4073 disk3
782 4017 826 4062 and
839 4032 863 4063 as
875 4032 916 4062 our
929 4017 992 4063 word
1004 4033 1071 4064 moon
1089 4019 1107 4064 is
1124 4017 1216 4064 derived
1233 4018 1291 4062 srorn
1303 4017 1344 4063 the
1356 4030 1413 4066 root

257 4077 306 4133 md,
319 4084 359 4125 ‘to
370 4077 489 4133 measure‚’
502 4113 508 4124 .
521 4113 526 4125 .
540 4115 546 4128 .
561 4113 566 4126 .
578 4094 614 4126 we
631 4079 688 4126 shall
705 4090 746 4127 uot
762 4083 790 4128 be
807 4083 920 4142 surprised
937 4083 956 4129 if
971 4098 1006 4129 we
1022 4082 1069 4129 find
1085 4099 1098 4129 a
1111 4099 1166 4145 very
1177 4083 1262 4130 similar
1273 4093 1373 4130 account
1385 4086 1417 4132 of

257 4143 299 4191 the
310 4144 447 4208 etymology
458 4146 503 4191 and
521 4146 641 4192 attributes
658 4146 686 4192 of
699 4144 794 4195 Tehuti.
828 4147 905 4195 There
921 4147 939 4194 is
956 4163 988 4195 no
1005 4148 1059 4195 such
1077 4148 1164 4195 lmown
1175 4149 1290 4211 Egyptian
1302 4151 1366 4194 word
1386 4165 1413 4197 as

257 4209 319 4270 teliu,
339 4211 380 4257 but
397 4211 462 4258 there
478 4211 496 4256 is
512 4220 576 4270 νεχιι,
593 4211 669 4258 which
686 4212 704 4258 ir
721 4227 734 4257 a
752 4213 856 4260 dialectic
873 4215 968 4274 variety,
986 4215 1031 4260 aud
1049 4216 1068 4261 is
1078 4216 1183 4276 'actually
1194 4215 1249 4260 used
1266 4229 1290 4260 as
1307 4229 1320 4260 a
1337 4229 1413 4264 name

258 4274 287 4321 ol
301 4274 341 4322 the
357 4277 411 4338 god.
448 4275 506 4322 This
523 4277 583 4323 form
600 4277 698 4337 supplies
715 4291 740 4323 us
755 4277 812 4324 with
826 4279 865 4326 the
876 4294 957 4326 reason
969 4279 1023 4340 why
1035 4280 1074 4327 the
1092 4281 1137 4342 god
1155 4279 1331 4339 isarepreseuted
1343 4296 1369 4326 as
1381 4297 1413 4328 an

259 4340 309 4388 ibis.
344 4341 375 4387 As
386 4341 429 4388 Seb
440 4341 458 4387 is
470 4341 510 4388 the
522 4356 590 4389 narne
602 4343 660 4388 both
671 4342 696 4388 ol
707 4359 720 4390 a
732 4357 803 4405 goose
817 4345 862 4391 and
875 4345 904 4391 of
914 4344 953 4392 the
968 4345 1100 4409 earth-god,
1111 4361 1137 4393 so
1153 4347 1172 4392 is
1187 4345 1268 4393 Techu
1284 4344 1324 4391 the
1339 4360 1414 4395 nante

258 4406 287 4451 os
295 4419 324 4451 an
336 4404 378 4451 ibis
389 4407 434 4452 and
446 4407 474 4452 of
482 4407 521 4455 the
533 4409 669 4471 moon-god.
703 4407 790 4455 Tehuti
801 4410 911 4473 probably
923 4410 1028 4473 signifies,
1041 4426 1064 4458 as
1077 4412 1112 4461 M.
1124 4412 1215 4459 Narille
1225 4411 1266 4458 has
1277 4414 1413 4474 suggested,

258 4468 299 4516 the
310 4473 325 4495 ‘⁴
334 4469 516 4522 ibis-headed.''’
550 4473 652 4528 Renouf,
664 4473 771 4538 Religion
783 4475 811 4520 of
819 4477 917 4523 Ancient
927 4478 1012 4540 Egypt,
1023 4492 1045 4537 p.
1058 4475 1112 4527 116.
