3082 4980
538 358 866 429 PROLEGOMENA.
1238 359 1277 418 liii

125 523 203 583 nulla
230 531 274 583 est
301 522 422 585 mentio.
464 519 601 581 Conicias
632 519 710 578 idem
739 518 820 594 quod
848 518 878 576 in
894 515 982 575 Nuce>
1006 516 1116 575 facturn
1144 533 1217 587 esse,
1245 526 1278 576 ut

106 607 267 679 Nomissum
295 623 414 664 carmen
427 612 586 678 vtamquam
608 601 700 665 leuius
724 599 816 671 fuerit,
838 617 911 658 mox
936 599 1090 674 separatim
1119 599 1275 675 scriptum:
1315 600 1317 602 ’

124 696 201 746 certe
214 688 245 744 in
260 686 460 762 antiquissimo
476 684 577 743 codIce
592 682 725 741 Galeano
741 700 818 744 saec.
832 681 872 739 xii
886 681 928 739 sic
943 681 1066 738 seorsim
1080 680 1206 755 legitur.>
1228 678 1275 739 cf.

124 787 200 844 quae
215 768 252 828 de
265 766 352 827 >Nuce
367 766 479 843 scripsit
493 764 670 824 Behrensius
686 764 768 845 Poste
783 763 849 821 Lat.
864 760 938 820 Min.
952 762 970 820 i.
985 780 1014 837 p.
1031 763 1078 820 88.

643 1031 757 1109 VIII.
802 1124 818 1129 Η
877 1123 879 1132 ¹
944 1125 947 1129 .

513 1188 565 1250 De
587 1187 754 1253 Code'ce'bus
770 1187 885 1252 Ibidis,

165 1334 292 1395 Codices
303 1332 395 1391 Ibidis
409 1334 460 1409 qui
475 1332 594 1408 quidem
608 1332 679 1390 mihi
694 1334 870 1400 innotuerint
880 1333 918 1392 ad
929 1351 1020 1393 unum
1035 1350 1139 1392 omnes
1153 1333 1276 1393 redeunt
1310 1373 1312 1376 >

123 1416 311 1493 archetypon.
355 1413 468 1473 Omnes
489 1414 567 1472 enim
587 1413 726 1473 exhibent
744 1425 880 1490 corrupta
899 1415 972 1474 haec
992 1416 1050 1488 256
1065 1417 1166 1472 merme
1181 1421 1276 1490 polens

124 1517 179 1575 pro
194 1497 308 1557 emermls
322 1506 402 1570 mem,
419 1499 457 1566 84
471 1496 554 1558 ebori
568 1512 623 1572 pro
642 1495 717 1564 cluo,
736 1514 791 1569 109
807 1498 904 1554 clarus
917 1514 972 1573 pro
988 1496 1105 1567 calcibus,
1123 1500 1179 1570 178
1193 1497 1279 1572 egrili

124 1597 179 1656 pro
194 1579 286 1654 egipti
302 1595 358 1650 321
372 1576 464 1637 alebas
478 1594 532 1652 pro
546 1577 651 1647 aleuas,
667 1589 724 1650 335
733 1587 822 1651 possa
836 1584 882 1648 esi,
899 1591 957 1652 359
970 1575 1085 1646 Tbe'esle',
1101 1589 1158 1650 527
1175 1575 1276 1646 Oreste}

126 1674 185 1740 502
203 1658 345 1735 pepbagee
365 1659 412 1716 uel
426 1668 548 1733 perage,
570 1672 629 1735 513
651 1657 747 1715 ebenus
768 1675 821 1732 pro
842 1677 950 1729 euenus,
973 1673 1032 1732 549
1055 1656 1275 1735 Se'racuse'opro

125 1741 276 1809 Se'raeose'o,
293 1741 352 1797 600
370 1738 497 1813 Orpleon
517 1739 564 1798 uel
587 1737 697 1815 Orpheo
717 1757 771 1815 pro
789 1737 919 1815 Orpheos.
962 1739 1115 1797 Praeterea
1131 1743 1201 1822 'post
1218 1752 1276 1814 130

124 1823 185 1881 duo
205 1839 307 1879 uersus
328 1821 358 1878 in
380 1821 516 1879 omnibus
537 1820 700 1896 interpolati
723 1830 790 1878 sunt
806 1820 904 1879 liutet
923 1821 975 1878 illa
995 1822 1051 1878 de'es
1071 1840 1140 1896 quoe
1160 1826 1184 1878 le
1204 1820 1279 1878 milri

124 1902 272 1962 subtrahet
285 1903 350 1961 olim
364 1901 464 1959 mum
478 1902 531 1958 allo
550 1903 606 1959 dies
625 1920 695 1976 quae
714 1900 885 1963 multilauda
903 1905 985 1960 uenel.
1029 1900 1200 1965 Insederant
1214 1919 1275 1960 car-

124 1985 195 2043 mini
216 1984 289 2043 haec
309 1984 379 2042 uitia
401 1992 469 2042 ante
491 1983 579 2041 finem
603 2001 678 2042 saec.
693 1985 741 2055 xii,
764 2001 823 2059 quo
845 1994 978 2060 tempore
1000 1982 1149 2042 Galeanus
1170 1981 1225 2062 (G)
1247 1992 1276 2042 et

124 2066 308 2128 Turonensis
324 2063 377 2145 (T)
392 2064 529 2140 descripti
549 2074 626 2131 sunt,
669 2064 728 2124 Sed
748 2082 809 2127 non
830 2067 868 2135 ab
890 2067 947 2125 hoc
968 2064 1126 2141 archetypo
1148 2065 1276 2124 deriuata

124 2156 192 2206 sunt
214 2157 352 2222 excerpta
376 2146 468 2205 Ibidis
490 2163 565 2222 quae
590 2146 621 2203 in
643 2145 889 2205 Deflorationibus
911 2146 1029 2206 Gallicis
1053 2156 1082 2204 et
1103 2145 1277 2206 Britannicis

124 2229 231 2290 inueni,
274 2227 427 2292 Namhae
446 2227 751 2303 habent109cole'dus
768 2247 829 2287 non
842 2230 947 2300 clarus,
964 2247 1002 2302 43
1018 2238 1120 2303 semper
1133 2227 1198 2285 dum
1213 2228 1280 2295 ullu
1310 2273 1313 2278 .

124 2329 185 2372 non
207 2311 287 2369 donec
308 2310 381 2369 mili
398 2310 468 2379 uelo,
490 2310 596 2385 malms
617 2327 678 2368 non
699 2310 803 2385 rupelo
824 2310 1034 2380 Atrebatensis‚
1055 2309 1134 2368 unde
1155 2319 1278 2386 apparet

124 2392 252 2454 extitisse
267 2391 344 2450 aliud
358 2390 446 2468 idque
460 2390 557 2448 minus
571 2391 707 2451 'uitiatum
725 2392 882 2469 exemplar.
924 2391 1043 2453 Etenim
1056 2393 1160 2454 clarus,
1169 2392 1199 2450 in
1216 2409 1274 2466 109

124 2491 186 2534 non
207 2482 305 2550 potest
324 2490 428 2539 uerum
448 2489 521 2544 esse,
539 2482 678 2548 sequente
697 2474 776 2532 cloro
793 2473 916 2532 in‘rro:
941 2491 1038 2550 neque
1058 2490 1131 2531 uero
1152 2489 1188 2530 ex
1209 2488 1276 2531 cor-

82 2595 85 2599 s
124 2564 236 2614 rectore
256 2552 419 2632 profectum
441 2562 493 2623 est,
511 2571 579 2612 cum
600 2571 661 2612 non
682 2554 773 2614 modo
794 2556 826 2613 in
845 2555 1061 2614 Deflorationes
1082 2571 1187 2612 omnes
1208 2569 1276 2630 per-

125 2637 243 2707 uenerit,
267 2635 318 2695 sed
340 2634 428 2694 etiam
448 2635 479 2692 in
495 2634 642 2693 Vincentii
663 2635 879 2696 Bellouacensis
899 2636 1026 2713 Speculo
1047 2636 1168 2711 legatur.
1214 2634 1275 2694 Sed

126 2717 232 2777 infelici
253 2735 322 2775 casu
343 2717 452 2775 factum
473 2726 570 2774 estut
590 2716 620 2773 in
641 2716 842 2777 Defloratione
864 2717 1275 2791 Parisina15,155,saec.xii

124 2800 172 2858 uel
193 2798 251 2870 xiii,
271 2807 407 2874 excerpta
426 2815 501 2874 quae
522 2797 593 2856 olim
614 2798 728 2857 inerant
749 2798 840 2858 Ibidis
859 2797 903 2875 (ut
924 2818 960 2857 ex
983 2800 1157 2874 scriptorum
1178 2797 1276 2857 indice

124 2880 284 2956 praemisso
296 2877 452 2956 colligitur)
462 2897 524 2937 non
539 2880 596 2937 iam
611 2881 758 2956 supersint
765 2900 773 2952 ;
789 2898 968 2958 quamquam
982 2896 1044 2937 non
1059 2879 1160 2937 dubito
1171 2878 1276 2937 eadem

125 2961 185 3023 lere
200 2979 274 3037 quae
289 2961 319 3018 in
334 2960 437 3020 ceteris
450 2960 548 3019 luisse.
1185 3000 1188 3006 -

166 3042 225 3102 Sed
248 3050 276 3100 et
300 3042 372 3100 alius
396 3041 463 3100 fons
488 3049 576 3100 restat
600 3042 649 3118 qui
673 3061 692 3099 a
713 3042 820 3101 nostris
843 3040 993 3101 codicibus
1014 3040 1111 3117 aliqua
1134 3049 1276 3117 exparte

126 3124 291 3200 discrepare
318 3123 459 3183 uideatur.
507 3122 596 3181 Extat
623 3124 654 3179 in
681 3123 857 3181 bibliotheca
884 3122 1044 3191 Bodleiana
1077 3123 1148 3180 liber
1176 3124 1275 3193 rarior,

124 3205 321 3281 Reperlorium
338 3204 533 3263 Vocabulorum
543 3204 770 3279 Exqueielorum
781 3203 903 3262 ‘editum
918 3203 1120 3263 adoctissimo
1128 3202 1276 3263 literarum

125 3297 254 3346 amatore
279 3286 422 3363 Magistro
445 3284 585 3345 Conrado
606 3286 758 3345 turicensis
782 3285 904 3344 ecclesie
930 3295 1049 3345 cantore
1071 3296 1100 3344 et
1122 3285 1277 3361 conpletus
1348 3344 1349 3347 ,

125 3387 204 3432 anno
218 3368 330 3427 domini
340 3379 378 3427 ΜΟ
388 3379 552 3442 ccnxx1110„
569 3367 604 3426 In
619 3367 717 3444 uigilia
730 3367 939 3443 assumptionis
953 3368 1037 3426 beate
1051 3367 1141 3425 marie
1156 3367 1279 3443 uirginis¹

126 3450 291 3512 indictione
309 3450 419 3526 prima'
461 3450 498 3507 In
516 3448 574 3508 hoc
593 3449 666 3507 libro
686 3448 850 3508 continetur
867 3449 991 3526 plurima
1008 3466 1076 3526 pars
1092 3448 1275 3511 historiarum

126 3532 225 3603 Ibidis,
238 3531 358 3591 adiectis
377 3531 620 3609 explicationibus
639 3531 715 3589 ueris
733 3531 833 3602 modo,
848 3533 940 3591 modo
959 3530 1045 3603 falsis,
1060 3539 1093 3589 ut
1112 3549 1148 3590 ex
1168 3530 1275 3599 scholi·

126 3632 210 3672 orum
230 3623 331 3672 nostra
352 3614 478 3672 editione
499 3612 631 3672 elucebit.
675 3611 766 3672 Hunc
786 3612 956 3672 Conradum
976 3613 1013 3672 de
1032 3613 1118 3672 Mure
1137 3613 1276 3688 perbonis

126 3695 277 3758 codicibus
295 3712 382 3752 usum
394 3712 463 3771 esse
477 3695 519 3753 sic
533 3694 672 3770 intelligo.
717 3693 801 3754 Solus
816 3695 903 3754 habet
917 3697 1020 3754 redemi
1030 3712 1085 3771 pro
1099 3696 1203 3760 redemi
1215 3697 1271 3753 281

126 3776 215 3853 idque
240 3777 293 3846 bis,
315 3794 374 3851 quo
399 3775 490 3835 modo
514 3776 551 3843 ab
575 3776 700 3852 antiquis
721 3777 897 3835 uocabulum
919 3778 1058 3852 scriptum
1078 3775 1167 3835 fuisse
1187 3776 1275 3843 docet

126 3857 237 3919 Munro
251 3857 288 3915 ad
304 3856 417 3915 Lucret.
429 3858 447 3915 i.
460 3858 526 3928 216,
542 3863 620 3933 tergo
633 3876 687 3934 pro
695 3858 767 3932 pelle
779 3869 847 3933 319‚'
861 3859 992 3920 esclzmea
1004 3876 1072 3933 330,
1086 3857 1276 3931 eolle'ricesque

52 3997 55 4000 .
128 3942 196 4012 348,
211 3940 321 4014 ce'gmus
336 3942 403 4012 463,
424 3939 539 3996 Venator
541 3941 645 4017 fm'gia
661 3941 729 4012 508,
743 3956 841 3996 euenus
856 3953 924 4012 513,
940 3940 1107 4014 ostoceileque
1122 3950 1190 4010 515,
1205 3943 1277 3994 slulo

125 4038 181 4096 pro
196 4027 292 4077 trunco
306 4020 353 4089 ib.,
368 4019 562 4094 Sollz'cz'lusque
578 4037 632 4095 pro
647 4020 822 4094 Sollicitoque
837 4034 904 4094 559,
918 4021 1066 4095 telegonius
1079 4029 1107 4076 et
1125 4018 1275 4093 leleogonus

126 4119 180 4177 pro
202 4102 253 4160 lele'
265 4120 355 4177 genus
370 4104 438 4175 567,
457 4100 592 4175 Quemque
610 4119 711 4159 memor
731 4103 822 4157 socre's
843 4118 898 4177 pro
918 4099 1002 4171 Quem
1024 4117 1125 4157 memor
1144 4116 1163 4155 a
1184 4100 1276 4157 sacres

127 4186 196 4255 622,
217 4190 342 4257 certoque
362 4183 390 4240 h.
406 4201 431 4242 e.
452 4189 578 4256 cretaque
599 4195 675 4255 5723
704 4181 783 4239 solus
803 4190 916 4256 praeter
933 4182 961 4239 T
979 4181 1069 4238 ue'clus
1088 4196 1141 4255 pro
1162 4181 1276 4254 qumlus

130 4283 196 4339 293·
242 4264 327 4323 Solus
346 4274 495 4340 tamquam
515 4263 594 4320 aliter
612 4263 718 4320 lectum
737 4272 881 4320 memorat
898 4263 929 4321 in
945 4265 1003 4333 488
1022 4263 1126 4336 mmor.
1169 4259 1227 4324 Sed
1246 4273 1275 4321 et

127 4346 157 4403 in
173 4345 297 4405 Scholiis
311 4364 371 4404 non
386 4347 491 4405 desunt
505 4362 580 4421 quae
595 4343 679 4402 altius
693 4343 845 4401 uideantur
859 4343 980 4419 repetita
993 4344 1073 4420 apud
1084 4342 1273 4416 Conradum;

128 4427 195 4501 uide
210 4445 285 4504 quae
299 4427 444 4504 disputaui
458 4427 488 4484 in
500 4426 600 4483 Diario
612 4424 712 4486 Philol.
724 4423 889 4502 Cantabrig.
900 4427 945 4486 nii.
958 4439 1107 4501 2442255,
1118 4444 1154 4486 ex
1169 4426 1274 4510 quibua
