3082 4980
557 325 882 387 PROLEGOMENA.
1197 326 1288 386 xxxiii

139 484 199 554 erit,
214 483 381 543 coniectura
394 483 600 540 tantummodo
614 483 707 559 qualis
722 483 805 541 fuerit
818 483 885 541 licet
899 483 1023 559 assequi.
1064 481 1132 554 Qua
1145 490 1245 542 tamen
1258 483 1290 541 in

138 585 169 624 re
187 564 268 642 quod
288 584 306 623 a
326 564 471 641 plerisque
491 563 655 639 neglectum
675 575 727 634 est,
741 566 771 622 in
792 583 828 623 eo
851 581 996 622 summam
1017 565 1090 623 uerti
1111 565 1289 641 quaestionis

139 658 224 705 acute
246 645 405 703 Merkelius
426 641 581 720 perspexit.
624 644 703 703 Nam
722 646 897 722 Apollonius
919 664 1098 722 quamquam
1119 646 1290 722 plerumque

140 729 209 786 etin
220 737 342 803 utraque
353 727 413 784 uita
423 745 469 803 ap.
479 727 607 784 Keilium
618 744 668 802 pp.
680 742 820 802 532-534
832 727 1047 786 Alexandrinus
1058 739 1188 799 uocatur,
1197 727 1290 786 Athe-

140 827 216 867 naeo
232 819 303 867 teste
317 810 374 882 283
390 809 427 865 ab
441 807 502 866 aliis
518 806 700 867 Naucratites
715 809 827 866 habitus
842 807 912 867 est*
947 808 987 866 At
1000 810 1031 866 in
1046 808 1193 880 Naucrati,
1209 810 1291 886 quod

140 901 201 949 erat
215 890 358 966 oppidum
371 889 499 964 Aegypti
518 907 579 947 non
597 889 685 964 longe
701 889 811 948 distans
826 890 1003 948 Alexandria
1016 892 1054 949 ab
1069 891 1188 960 oriente,
1203 889 1291 949 fuisse

80 1017 86 1026 .
141 972 212 1031 olim
235 971 323 1030 deum
345 971 493 1047 quendam
514 970 673 1046 antiquum,
690 970 808 1030 Theuth
830 972 958 1041 nomine,
979 972 1024 1030 cui
1046 990 1127 1030 saera
1147 972 1209 1030 auis
1230 971 1292 1031 Ibis

141 1053 235 1112 dicata
256 1053 347 1124 fuerit,
369 1051 521 1110 confirmat
543 1050 625 1110 Plato
646 1052 677 1109 in
699 1051 833 1111 Phaedro
857 1065 912 1126 274
930 1053 973 1112 C:
997 1054 1075 1111 unde
1095 1053 1292 1116 Naucratiear

141 1135 323 1210 potissimum
343 1133 404 1190 auis
425 1142 453 1190 et
467 1131 616 1207 Apollonii
637 1133 708 1190 ciuis
724 1131 832 1211 (uerbis
852 1144 917 1192 utor
932 1133 1073 1206 Merkelii,
1095 1153 1125 1209 p.
1141 1132 1213 1212 338)
1231 1134 1293 1193 Ibis

141 1216 203 1275 fuit.
254 1216 335 1274 Hinc
359 1214 514 1289 praecipue
539 1214 620 1271 riuali
644 1232 754 1272 nomen
778 1216 870 1274 Ibidis
894 1216 1057 1290 inposuisse
1082 1214 1293 1274 Callimachum

142 1316 225 1370 reor;
246 1315 302 1356 nec
318 1295 418 1354 dubito
432 1306 464 1352 ut
474 1293 632 1365 uolucrem,
644 1296 685 1353 sic
696 1295 876 1355 Mercurium
891 1297 951 1355 siue
963 1296 1090 1369 Theuth‚
1101 1297 1148 1356 cui
1162 1315 1197 1355 ea
1211 1314 1294 1355 sacra

143 1378 203 1445 fuit,
218 1389 314 1454 partes
335 1379 364 1435 in
385 1375 453 1433 diris
474 1374 536 1432 eius
557 1375 700 1434 habuisse.
744 1377 822 1436 Nam
839 1389 867 1436 et
882 1376 1005 1436 Ouidius
1026 1377 1104 1436 hunc
1124 1377 1234 1437 inducit
1248 1377 1293 1435 lb.

146 1478 213 1531 ²14·
257 1459 316 1531 Qui
341 1457 427 1516 etiam
450 1455 520 1512 illud
545 1457 633 1515 eredo
659 1456 768 1515 addidit
793 1477 829 1517 ex
851 1457 1047 1517 Callimachea
1068 1459 1151 1516 Ibide
1173 1477 1231 1533 449
1254 1456 1297 1517 Et

144 1542 244 1615 quibus
257 1540 360 1616 exiguo
374 1538 499 1594 uolucris
512 1536 606 1598 deuota
619 1538 708 1596 libello
721 1545 762 1596 est
776 1539 932 1618 Corpora
949 1540 1106 1616 proiecta
1126 1556 1213 1616 quae
1234 1556 1296 1597 sua

144 1630 269 1698 purgat
289 1639 387 1698 aqua.

186 1701 246 1761 Hic
266 1719 327 1760 non
348 1720 470 1777 possum
490 1700 670 1761 Schneidero
687 1702 837 1778 suffragari
851 1702 1027 1761 existimanti
1042 1701 1212 1761 Callimachi
1227 1699 1296 1759 Ibin

145 1794 205 1842 tam
221 1785 356 1859 exiguum
372 1785 493 1842 libellum
512 1783 601 1841 luisse
616 1793 646 1841 ut
660 1801 752 1841 unum
766 1792 879 1842 tanturn
894 1783 1038 1859 conplexa
1057 1801 1151 1859 genus
1171 1783 1296 1841 dirarum

145 1882 207 1922 non
227 1865 301 1923 ultra
322 1865 395 1924 fines
416 1865 633 1941 epigrammatis
652 1881 809 1940 progressa
832 1866 876 1923 sit.
918 1864 991 1924 Esto
1012 1867 1092 1923 enim
1112 1874 1144 1923 ut
1165 1872 1241 1942 quae
1265 1863 1297 1921 in

145 1947 240 2022 ipsam
259 1965 345 2004 auem
364 1948 529 2023 inprecatus
544 1954 588 2004 est
602 1962 663 2003 non
678 1945 752 2004 adeo
767 1945 857 2005 multa
872 1946 994 2019 fuerint3
1016 1955 1046 2004 at
1060 1945 1212 2005 adicienda
1229 1953 1297 2009 sunt

146 2045 221 2105 quae
242 2029 273 2086 in
287 2028 479 2104 Apollonium
498 2027 608 2086 direxit.
651 2025 732 2099 Quis.
747 2028 824 2085 enim
847 2028 922 2087 diras
943 2029 975 2085 in
995 2028 1147 2087 inimicum
1167 2026 1297 2086 scribens

147 2110 215 2168 satis
239 2111 297 2168 irae
322 2109 487 2168 consultum
512 2118 593 2183 putet
622 2107 645 2166 si
673 2109 802 2169 auiculas
828 2109 905 2168 mala
929 2109 1020 2168 multa
1043 2109 1215 2184 inprecetur,
1240 2107 1297 2184 ipsi

147 2191 238 2249 nihil?
278 2189 368 2262 Quod
384 2192 408 2249 si
422 2191 452 2248 in
467 2188 574 2248 eodem
589 2190 716 2249 carmine
730 2201 759 2248 et
773 2190 839 2248 Ibin
854 2201 882 2249 et
896 2190 1087 2266 Apollonium
1102 2189 1298 2249 Callimachus

148 2271 275 2345 deuouit,
290 2284 339 2331 aut
358 2271 565 2348 longissimum
588 2271 769 2347 epigramma
790 2271 874 2331 fuerit
895 2289 1016 2331 necesse
1037 2280 1089 2342 est,
1104 2281 1154 2330 aut
1173 2269 1298 2330 Ouidius

147 2355 282 2429 exiguum
307 2353 434 2412 libellum
456 2351 626 2410 Callimachi
649 2371 717 2429 prae
743 2371 797 2412 suo
821 2353 1003 2412 existimauit.
1046 2351 1116 2413 Hoc
1140 2362 1172 2412 ut
1196 2369 1298 2411 uerum

84 2470 85 2474 =
149 2436 275 2506 credam,
290 2436 381 2493 multa
399 2435 515 2492 faciunt.
559 2432 639 2492 Nam
658 2434 682 2493 si
697 2435 763 2493 Ibin
778 2453 860 2493 suam
875 2435 995 2493 libellum
1016 2453 1044 2492 u.
1061 2447 1096 2507 51
1114 2433 1195 2505 dixit,
1209 2451 1298 2510 quae·

150 2535 206 2592 que
231 2517 262 2574 in
286 2535 321 2575 ca
349 2516 470 2592 prolusit
492 2524 585 2589 pauca
610 2534 637 2574 u.
661 2518 719 2591 639
750 2535 818 2592 prae
848 2516 1006 2593 postmodo
1032 2514 1192 2575 scribendis
1219 2524 1299 2572 ratus

96 2655 98 2659 ,
150 2597 323 2656 est-habet
344 2607 440 2656 autem
462 2614 580 2654 carmen
600 2615 702 2656 uersus
724 2597 929 2670 644—eadem
950 2598 1061 2656 ratione
1077 2595 1220 2672 Cyrenaei
1234 2595 1300 2653 Ibin

149 2681 285 2756 exegeram
300 2679 428 2738 dicturus
445 2676 504 2749 luit,
521 2677 544 2736 si
566 2694 627 2735 non
648 2678 722 2737 ultra
743 2689 862 2738 centum
880 2680 928 2737 uel
947 2679 1090 2737 ducentos
1110 2695 1212 2736 uersus
1232 2694 1300 2752 pro-

151 2760 239 2819 ducta
259 2771 342 2819 esset.
384 2758 425 2817 Vt
446 2758 583 2834 exemplo
604 2758 665 2817 rem
687 2761 834 2830 illustrem,
856 2761 934 2818 nulla
956 2770 1000 2819 est
1020 2759 1142 2835 epistula
1159 2758 1301 2817 Tristium

152 2852 263 2917 praeter
284 2841 389 2900 librum
411 2841 571 2899 secundum
592 2842 642 2917 qui
663 2859 763 2900 uersus
783 2845 841 2915 578
859 2841 954 2912 habet,
969 2841 1048 2899 nulla
1069 2841 1241 2917 scriptarum
1263 2857 1301 2897 ex

152 2923 257 2994 Ponto,
272 2940 362 2999 quam
375 2940 437 2980 non
451 2921 590 2997 exiguum
605 2922 731 2980 libellum
746 2922 874 2981 dicturus
888 2922 996 2981 suerat:
1020 2939 1116 2998 neque
1129 2920 1253 2997 epistula
1266 2937 1301 2977 ea

152 3023 209 3081 qua
233 3004 420 3079 Triumphum
442 3021 528 3061 suum
550 3002 660 3061 Rufino
681 3004 766 3062 mittit
788 3003 885 3080 (Pont.
906 3005 944 3062 iii.
967 3001 999 3082 4)
1024 3003 1187 3061 breuiorem
1211 3001 1301 3061 credo

152 3086 247 3161 ipsum
266 3084 451 3160 Traiampdum
468 3083 565 3155 luisse,
578 3085 712 3160 quamuis
726 3094 791 3162 opus
811 3087 947 3160 exiguum
967 3084 996 3142 id
1017 3085 1128 3142 uocarit
1144 3080 1199 3160 (5).
1242 3081 1302 3140 Sed

153 3177 181 3224 et
202 3169 264 3242 ipse
286 3185 350 3225 sese
375 3166 579 3241 interpretatus
600 3174 643 3223 est
664 3167 795 3224 uersibus
818 3166 854 3224 de
876 3166 980 3242 quibus
1003 3183 1163 3240 perperam,
1186 3165 1210 3224 si
1232 3162 1302 3241 quid

153 3247 257 3306 Latine
272 3248 364 3324 sapio,
378 3245 573 3306 Schneiderus
587 3246 733 3306 iudicauit.
775 3245 853 3306 Dicit
868 3247 946 3304 enim
960 3265 1008 3304 uu.
1024 3247 1123 3322 57-64

317 3328 405 3386 Nunc
426 3344 486 3403 quo
507 3326 654 3386 Battiades
675 3328 824 3386 inimicum
846 3328 972 3386 deuouet
994 3327 1068 3398 Ibin,

358 3408 428 3467 Hoc
450 3426 506 3484 ego
529 3409 662 3468 deuoueo
683 3418 770 3485 teque
791 3418 915 3485 tuosque
937 3408 1036 3468 mod0.

317 3491 415 3566 thue
436 3490 482 3547 ille
504 3489 628 3550 historiis
649 3489 799 3549 inuoluam
820 3491 949 3548 carmIna
970 3490 1074 3562 caecis,

359 3570 429 3629 Non
451 3570 562 3630 soleam
583 3573 717 3647 quamuis
738 3572 794 3631 hoc
816 3590 909 3648 genus
931 3571 993 3647 ipse
1015 3573 1106 3649 sequi.

319 3652 399 3710 Illius
421 3654 561 3728 ambages
581 3653 709 3712 imitatus
730 3654 761 3710 ln
782 3653 865 3712 Ibide
887 3654 973 3724 dicar,

361 3732 477 3792 Oblitus
500 3735 588 3792 moris
609 3734 766 3810 iudiciique
787 3736 854 3793 mei.

319 3813 358 3872 Et
379 3816 519 3890 quoniam
539 3816 589 3891 qui
610 3816 650 3875 sis
670 3816 803 3874 nondum
825 3817 1028 3892 quaerentibus
1050 3815 1115 3886 edo,

360 3895 450 3955 Ibidis
471 3897 581 3956 interca
601 3906 632 3955 tu
653 3915 771 3973 quoque
792 3915 902 3956 nornen
922 3896 1006 3954 habe.

190 4075 204 4108 *
223 4068 384 4120 Ἀπολλώνιος
395 4069 415 4117 δ’
427 4071 440 4118 d
451 4067 539 4118 Ῥόδιος
550 4068 566 4130 ἢ
577 4068 745 4131 Ναυκρατίτης
757 4069 783 4118 ἓν
794 4065 950 4131 Ναυκράτεως
964 4065 1049 4117 κτίσει.
1083 4069 1171 4116 Aelian.
1184 4068 1215 4119 H.
1227 4069 1256 4117 Α.
1268 4083 1307 4116 xv.

159 4151 189 4199 23
201 4135 362 4184 Ἀπολλώνιος
373 4136 386 4183 d
399 4134 486 4184 Ῥόδιος
496 4134 512 4196 ἢ
522 4133 696 4199 Ναυκρατίτης.

189 4204 208 4262 'l'
231 4204 266 4250 Sic
283 4201 433 4250 calchedonii
454 4198 549 4264 ἐραδιὸν
566 4202 613 4248 siue
632 4203 723 4250 ardeam
741 4210 861 4260 tamquam
880 4195 999 4262 προδότην
1016 4201 1135 4256 notabant,
1153 4199 1206 4260 quia
1226 4199 1307 4247 urbem

145 4269 235 4316 hostes
247 4276 353 4329 ceperant
365 4270 421 4315 dum
433 4282 500 4314 auem
512 4282 541 4314 ex
553 4268 650 4313 aduerso
666 4267 732 4313 litore
747 4267 868 4313 obsemant
886 4265 950 4325 aquIs
967 4272 1056 4311 exstare
1072 4266 1134 4312 cibos
1150 4265 1306 4329 colligentem,

157 4349 254 4394 eamque
268 4333 352 4381 imitati
369 4334 410 4393 ipsi
425 4348 465 4392 per
479 4341 575 4393 pontum
592 4340 711 4391 tamquam
727 4331 820 4380 interra
836 4330 865 4377 ad
880 4344 958 4377 muros
969 4329 1137 4394 adgrediuntur,
1152 4332 1225 4378 Antb.
1237 4331 1263 4380 P.
1274 4330 1307 4380 ix.

159 4412 215 4461 551.

724 4481 739 4519 C
