3082 4980
226 376 266 438 10
734 377 863 447 1ss15,

268 562 326 625 Me
349 560 489 643 uigilans
512 582 633 639 cernes,
654 561 763 626 tacitis
786 584 848 646 ego
871 565 976 628 noctis
999 565 1032 628 in
1056 567 1181 630 umbris
1330 594 1375 645 155

310 672 491 736 Excutiam
514 694 648 736 somnos
672 675 760 738 uisus
782 676 899 739 adesse
921 685 1006 740 tuos.

268 785 422 866 Denique
443 785 605 867 quidquid
629 805 716 867 ages,
738 795 816 850 ante
839 808 876 850 os
898 787 1077 871 oculosque
1101 790 1231 867 uolab0,

312 897 358 960 Et
381 916 508 977 querar,
532 905 566 960 et
588 897 679 960 nulla
698 899 777 962 sede
800 899 930 980 quietus
953 901 1025 964 eris.

266 1009 414 1072 Verbera
437 1029 536 1072 saeua
558 1009 686 1073 dabunt
709 1010 863 1089 sonitum,
886 1030 1062 1093 nexaeque
1082 1013 1225 1078 colubris

312 1118 455 1183 Conscia
475 1120 652 1183 fumabunt
674 1141 804 1204 semper
825 1122 867 1185 ad
891 1142 949 1185 ora
970 1122 1068 1187 laces.
1329 1138 1376 1187 160

269 1232 336 1295 His
358 1232 453 1295 uiuus
474 1231 566 1294 suriis
585 1232 764 1315 agitabere,
788 1242 937 1297 mortuus
959 1235 1074 1313 isdem,

312 1346 358 1409 Et
380 1344 510 1408 breuior
532 1365 639 1427 poena
663 1345 732 1408 uita
753 1344 864 1409 sutura
885 1355 944 1410 tua
967 1356 1027 1410 est.

268 1453 341 1520 Nec
363 1455 423 1519 tibi
446 1456 616 1538 continget
638 1456 736 1519 sunus
759 1456 980 1541 lacrimaeque
1003 1468 1155 1538 tuorum;

312 1567 562 1651 Indeploratum
585 1567 741 1651 proiciere
763 1578 875 1659 caput.

264 1678 505 1762 Carnificisque
523 1700 624 1744 manu
647 1680 772 1763 populo
795 1680 976 1763 plaudente
999 1681 1147 1761 traheris,
1328 1696 1373 1758 165

311 1792 506 1875 Infixusque
525 1793 591 1856 tuis
612 1772 743 1856 ossibus
765 1813 867 1857 uncus
889 1795 958 1858 erit.

267 1905 366 1988 ipsae
387 1914 421 1968 te
442 1904 578 1987 fugient,
601 1925 687 1988 quae
710 1915 849 1988 carpunt
871 1907 991 1984 omnia,
1013 1906 1178 1984 flammae,

311 2018 462 2100 Respuet
480 2017 622 2080 inuisum
646 2018 732 2081 iusta
754 2019 897 2081 cadauer
918 2017 1048 2082 humus.

266 2129 441 2212 Vnguibus
463 2139 496 2193 et
519 2138 624 2193 rostro
646 2130 760 2193 tardus
783 2129 893 2194 trahet
915 2130 972 2193 ilia
995 2129 1114 2207 uultur,

311 2241 358 2305 Et
380 2241 532 2304 scindent
550 2242 639 2304 auidi
663 2242 790 2324 perfida
813 2243 912 2306 corda
935 2264 1043 2307 canes.
1327 2264 1374 2316 170

259 2462 361 2516 Annal.
377 2461 492 2516 Ricardi
512 2463 540 2514 Il
559 2460 602 2514 ed.
618 2460 700 2528 Riley
712 2477 739 2529 p.
754 2464 813 2513 218.
851 2459 909 2514 Sed
922 2461 991 2528 Rex,
1004 2459 1069 2513 licet
1085 2469 1151 2514 tunc
1169 2460 1320 2515 laetaretur
1339 2459 1375 2514 de

224 2541 386 2602 perpetrato
399 2532 521 2600 negotio,
533 2549 599 2585 mox
609 2531 661 2584 sub
671 2530 750 2584 breui
764 2529 899 2599 temporis
909 2530 1002 2599 spatio
1016 2530 1197 2584 indicibiliter
1208 2531 1375 2585 turbabatur

224 2603 253 2657 in
279 2602 386 2657 somnis
411 2612 439 2657 et
465 2602 493 2656 in
520 2601 649 2657 somnio:
680 2600 830 2655 uidebatur
854 2618 957 2670 nempe
981 2602 1083 2656 umbra
1108 2600 1236 2669 Comitis5
1254 2619 1320 2656 mox
1343 2612 1374 2656 ut

223 2673 347 2729 dormire
366 2672 515 2743 coepisset,
528 2683 595 2727 ante
614 2672 674 2726 eius
694 2672 791 2725 oculos
813 2671 939 2740 uolitare,
959 2671 1060 2726 minari
1080 2671 1142 2740 sibi,
1156 2681 1183 2725 et
1205 2671 1375 2726 horribiliter

223 2745 365 2798 deterrere
378 2762 452 2813 eum,
465 2743 545 2813 quasi
561 2742 667 2797 diceret
686 2742 740 2796 sibi
760 2742 829 2797 illud
848 2741 990 2812 poeticum
1009 2743 1086 2812 quod
1104 2743 1225 2797 habetur
1243 2742 1271 2797 in
1289 2743 1372 2797 Ibin:

224 2817 274 2869 Me
304 2815 426 2884 uigilans
452 2813 982 2883 cemes-Excutiam-Denique-Et
1013 2815 1231 2884 querar-Tunc
1262 2831 1374 2884 quoque

221 2886 544 2956 sactorum-Insequar.

201 3184 204 3190 ⁴
261 3199 380 3259 155-158
393 3203 485 3246 extant
500 3194 526 3245 in
542 3189 684 3244 Annalibus
696 3189 805 3242 Ricardi
817 3191 849 3240 II
865 3188 903 3257 (p.
919 3194 967 3241 218
981 3191 1020 3243 ed.
1032 3189 1101 3258 Riley
1113 3191 1193 3244 Land.
1209 3190 1288 3261 1866)
1302 3211 1374 3261 quem

221 3265 317 3320 librum
329 3268 458 3335 scripsisse
469 3263 580 3317 creditur
592 3273 651 3315 ante
663 3280 759 3314 annum
776 3277 842 3326 1424
856 3260 995 3313 Wllelmus
1009 3262 1187 3330 Wntershylle
1197 3282 1210 3314 e
1222 3266 1374 3317 monasterio

223 3337 250 3390 S.
263 3337 370 3390 Albani.
406 3336 505 3388 Harum
518 3333 662 3385 Annalium
675 3332 803 3384 diuersum
819 3333 950 3402 exemplar
962 3344 1074 3402 superest
1089 3335 1115 3386 in
1131 3334 1211 3386 codice
1228 3335 1374 3389 Gottaniana

224 3406 363 3475 (Faustina
376 3407 408 3459 Β.
422 3404 467 3474 ΙΧ)
480 3416 506 3458 et
518 3404 653 3457 Bodleiano
667 3405 729 3468 462.

261 3493 318 3542 155.
338 3476 431 3532 tacitis
448 3492 502 3544 ego
519 3475 588 3527 codd.
605 3485 629 3527 et
648 3475 774 3527 Faustina
787 3473 818 3527 Β.
833 3485 876 3526 ΙΧ.
934 3523 937 3528 ,
983 3472 1140 3528 taciturnae
1160 3476 1212 3528 cad.
1231 3475 1372 3529 Cantabri-

218 3549 314 3615 giensis
328 3548 472 3601 Annalium
526 3543 618 3598 noctis
629 3544 722 3613 (notos
736 3545 862 3597 Faustina
870 3545 902 3597 B.
916 3541 961 3614 1x)
975 3543 1004 3597 in
1020 3545 1113 3598 GH‘IV
1121 3557 1146 3599 et
1158 3547 1285 3599 Faustina
1295 3548 1328 3600 B.
1339 3559 1374 3600 lx

222 3617 354 3672 conditus
367 3619 421 3669 PX
431 3621 524 3670 Parm.
537 3619 591 3668 Vut.

261 3691 319 3752 156.
339 3704 475 3757 sompnus
488 3687 636 3740 FGPrVX.

261 3774 319 3824 157.
338 3757 472 3830 quicquid
486 3758 586 3810 GHYX
654 3755 773 3811 uidebor
785 3757 876 3810 cadim
890 3756 1040 3810 Annalium.

260 3836 319 3896 158.
337 3839 417 3900 parte
429 3833 522 3883 Parm.
1032 3851 1038 3864 ·

789 3895 802 3930 l’
808 3899 858 3929 torta

260 3959 317 4010 159.
337 3958 406 3997 seua
432 3940 562 3995 GMPTX
582 3942 675 3994 Parm.
789 3955 858 3993 seua
881 3939 911 3990 H
1019 3947 1093 3994 torta
1115 3942 1142 3992 V
1249 3949 1331 3996 torua
1352 3943 1377 3994 F

251 4013 262 4046 l'
269 4017 321 4047 texte

220 4072 349 4126 nexeque
361 4057 391 4107 H
476 4052 591 4107 colubre
604 4052 628 4104 G
639 4062 663 4105 et
676 4053 712 4104 sic
725 4052 785 4105 coni.
799 4051 938 4104 Merkelius
950 4070 982 4102 ex
996 4052 1036 4104 M.
1049 4053 1094 4104 IV.
1108 4068 1170 4117 492.

259 4130 317 4182 161.
339 4125 473 4180 HiisGX
576 4121 736 4177 hiisdemG
843 4121 956 4176 hisdem
969 4121 1025 4176 ΕΗ.

259 4201 290 4251 16
295 4216 318 4263 3.
338 4195 502 4265 contingent
516 4198 569 4249 Vat.
582 4193 718 4248 Merkelius
810 4193 904 4247 fumus
917 4194 976 4246 PX.

259 4272 317 4335 164.
335 4267 468 4338 proitiere
480 4268 507 4320 Τ.

259 4343 317 4403 167.
336 4347 452 4409 carpent
465 4339 501 4391 X.

260 4414 318 4477 169.
336 4409 495 4480 Vmguibus
508 4409 537 4460 H
641 4405 744 4460 crudus
756 4406 882 4459 Heinsius.

260 4496 318 4546 170.
337 4481 420 4536 auide
435 4482 462 4534 F.
