3082 4980
544 375 869 438 mormannum.
967 329 970 334 ’
1222 371 1281 432 nn

128 558 215 618 Mure
239 558 388 617 binomium
416 558 453 617 de
477 557 545 630 1103
577 558 629 619 sed
656 577 718 619 non
745 557 813 620 hinc
841 559 971 636 sequitur
997 555 1130 617 scholion
1155 557 1281 633 septimo

128 642 249 700 demum
263 640 310 699 uel
324 649 431 700 octauo
445 639 562 701 saeculo
576 641 716 717 scriptum
730 641 827 713 fuisse,
837 659 905 700 cum
915 640 1054 699 binomius
1067 638 1147 716 apud
1157 638 1281 698 Paulum

128 723 249 798 legatur,
264 741 293 798 p.
311 723 349 797 36
364 720 478 794 Mtiller,
492 723 546 781 etsi
564 720 603 781 ad
621 741 684 782 rem
699 722 892 797 decidendam
905 721 985 781 Festi
998 722 1088 780 uerba
1101 738 1165 779 non
1179 737 1280 796 super·

128 805 195 864 sint.
238 803 369 880 Suntque
394 813 490 862 cetera
515 803 619 863 similia
643 822 718 880 quae
742 805 852 877 attulit;
883 812 951 863 ante
973 802 1121 863 saeculum
1146 801 1280 878 quintum

128 885 216 945 scribi
230 886 280 943 uix
296 895 444 960 poterant3
464 885 517 944 sed
531 884 688 945 fluctuante
702 895 771 963 post
786 904 845 960 300
854 904 913 944 nm.
922 902 977 944 usu
990 884 1078 943 latine
1093 882 1281 943 scribentium

128 966 221 1025 multa
244 966 303 1025 iam
328 975 391 1024 tum
415 967 593 1043 usurpabant
617 984 693 1042 quae
717 967 888 1044 plerumque
917 966 1018 1026 seriori
1041 965 1158 1025 saeculo
1182 964 1280 1040 adsig-

129 1058 244 1107 nantur.
287 1047 346 1106 Sed
366 1058 466 1107 tamen
486 1049 546 1107 duo
568 1058 636 1106 sunt
654 1067 730 1125 quae
749 1050 823 1107 siin
843 1048 959 1108 scholiis
976 1057 1058 1106 erant
1072 1065 1132 1124 quo
1146 1055 1280 1121 tempore

130 1130 257 1206 primum
271 1139 414 1206 concepta
428 1140 503 1201 sunt,
518 1130 751 1189 recentissimum
765 1139 915 1189 auctorem
933 1129 1057 1207 prodere
1075 1147 1137 1188 non
1156 1127 1280 1186 infitior:

130 1209 176 1289 (1)
198 1212 272 1286 quod
289 1228 343 1287 pro
364 1216 403 1282 ul,
427 1207 472 1290 (a)
493 1211 551 1269 sr'bz'
567 1231 595 1270 se
615 1229 669 1288 pro
690 1213 718 1269 ei
734 1231 794 1270 eum
815 1214 854 1270 eis
873 1230 922 1269 eos.
964 1211 1004 1269 At
1025 1210 1098 1270 haec
1118 1210 1149 1268 in
1171 1208 1195 1269 C
1217 1207 1281 1266 Ask

130 1292 335 1359 tantummodo
355 1303 497 1369 perpetua
517 1303 602 1352 sunt:
625 1294 656 1351 in
670 1291 724 1352 GP
738 1294 829 1352 rarius
848 1301 1020 1364 occurrunt;
1042 1300 1178 1369 poterant
1194 1290 1282 1367 igitur

131 1374 235 1433 abesse
250 1374 414 1450 antiquitus,
430 1384 497 1450 post
515 1374 663 1434 inuectam
684 1375 812 1433 sermoni
833 1375 995 1433 barbariem
1012 1373 1132 1449 ingredi.
1175 1370 1281 1448 Neque

132 1473 203 1514 uero
219 1455 355 1514 clericum
368 1455 440 1513 mihi
454 1454 613 1526 Ehualdus,
628 1474 725 1533 neque
739 1457 770 1514 in
785 1454 880 1514 Gallia
893 1455 966 1515 haec
981 1465 1116 1514 enotasse
1130 1453 1280 1530 persuasit.

174 1536 248 1596 Mihi
262 1546 356 1595 totum
371 1554 479 1612 corpus
500 1537 677 1596 scholiorum
698 1538 826 1614 exigenti
846 1538 917 1596 nihil
938 1535 1147 1612 significantius
1168 1534 1282 1594 uidetur

132 1636 222 1695 quam
244 1618 324 1695 quod
346 1619 383 1676 ad
407 1632 464 1692 259
485 1618 602 1694 regulus
624 1618 791 1677 Gothorum
812 1618 915 1678 dicitur
934 1620 959 1678 is
981 1617 1030 1693 qui
1051 1635 1152 1676 reuera
1174 1635 1225 1674 rex
1250 1617 1281 1673 in

133 1700 261 1759 Thracia
276 1698 335 1772 init,
351 1698 497 1772 Phineus;
519 1718 615 1777 neque
633 1701 665 1759 id
684 1699 788 1771 solum,
804 1699 856 1758 sed
873 1709 902 1758 et
916 1717 990 1758 uxor
1003 1698 1065 1758 eius
1079 1709 1107 1757 et
1121 1698 1172 1756 filii
1185 1696 1282 1774 Dory·

133 1781 195 1840 clus
209 1791 238 1840 et
252 1779 399 1856 Othryllus
413 1782 475 1840 siue
490 1781 664 1857 Oreithyius,
680 1780 844 1841 Gothorum
860 1792 891 1840 ut
911 1782 1026 1840 uidetur
1045 1780 1172 1856 acceptis
1186 1779 1282 1838 nomi·

133 1864 227 1934 nibus,
242 1862 310 1922 Alia
323 1860 441 1922 Dorilas
454 1862 568 1922 Totilas
582 1860 790 1941 appellantur*
832 1863 870 1922 ld
890 1879 986 1938 neque
1007 1861 1075 1921 ante
1092 1862 1237 1921 admissos
1251 1861 1282 1918 in

133 1944 292 2003 Thraciam
313 1942 429 2003 Gothos
453 1963 508 2004 nec
532 1955 602 2024 post
624 1945 819 2004 oblitteratum
841 1945 881 2003 ibi
903 1943 1070 2004 Gothorum
1090 1960 1200 2002 nomen
1221 1942 1282 2001 fieri

133 2027 235 2102 potuit.
281 2025 361 2086 Hinc
385 2027 518 2102 suspicor
542 2045 638 2104 neque
661 2035 728 2085 ante
752 2045 864 2091 annum
889 2026 948 2101 376
973 2044 1035 2084 nm.
1060 2043 1115 2084 nec
1140 2024 1190 2082 diu
1214 2033 1283 2101 post

133 2107 285 2167 Iustiniani
299 2117 423 2166 aetatem
438 2111 577 2182 482-541
595 2126 630 2166 ea
644 2108 765 2166 nomina
779 2108 897 2167 scholiis
915 2109 1032 2167 inuecta
1051 2106 1149 2166 luisse.
1192 2105 1283 2179 Quod

134 2189 159 2246 si
173 2207 241 2248 uere
255 2189 371 2248 conicio
385 2189 444 2248 iam
458 2200 525 2248 ante
539 2189 570 2248 id
583 2199 699 2266 tempus
711 2191 849 2264 376-541
861 2198 1009 2266 supererat
1024 2189 1054 2247 in
1068 2190 1171 2249 codiee
1185 2188 1283 2264 aliquo

133 2270 225 2329 Ibidis
239 2272 335 2329 breuis
349 2271 494 2347 quaedam
514 2272 665 2330 adnotatio
682 2290 778 2330 rerum
799 2272 1019 2349 nominumque,
1034 2273 1064 2330 in
1085 2287 1175 2348 quam
1193 2269 1282 2329 animi

135 2370 223 2411 causa
244 2352 291 2410 uel
312 2353 442 2411 notarius
461 2352 507 2412 uel
529 2353 684 2412 scholiasta
698 2364 781 2413 sexto
804 2353 852 2412 uel
872 2353 998 2430 septimo
1020 2353 1146 2423 saeculo,
1160 2351 1283 2410 fortasse

135 2432 198 2509 ipse
213 2432 329 2493 Gothus
347 2434 420 2493 sicut
434 2433 568 2493 Iordanis
584 2431 634 2513 (de
649 2433 745 2494 Getar.
761 2435 843 2511 Orig.
860 2433 917 2512 50),
933 2435 1000 2495 ficta
1019 2436 1140 2494 nomina
1155 2433 1240 2494 simul
1255 2442 1284 2490 et

135 2515 256 2575 ficticios
275 2533 377 2574 uersus
391 2515 581 2591 interpolauit
625 2516 770 2577 Clericum
789 2516 868 2575 hune
882 2516 972 2576 fuisse
985 2517 1057 2576 nihil
1071 2517 1180 2575 indicat
1189 2535 1197 2588 ;
1226 2532 1283 2574 nec

135 2614 206 2655 sane
220 2614 290 2656 uero
305 2607 349 2657 est
362 2597 454 2656 simile
468 2596 602 2656 historias
621 2598 660 2656 ab
677 2597 844 2657 huiusmodi
862 2597 982 2657 homine
999 2597 1139 2674 confingi,
1153 2597 1284 2657 obscena

134 2678 273 2754 pleraque
293 2688 323 2737 et
343 2678 451 2754 pagani
472 2679 561 2738 moris
583 2679 799 2755 amplectentes.
842 2679 953 2739 Versus
981 2681 1142 2740 maximam
1169 2689 1283 2757 partem

135 2759 306 2818 crediderim
320 2760 358 2819 ab
372 2759 478 2818 eodem
493 2760 655 2832 confictos3
677 2761 818 2819 nonnulla
831 2760 878 2819 alii
894 2760 1041 2821 addidisse
1055 2762 1198 2832 uidentur,
1209 2759 1284 2819 sicut

135 2854 174 2900 ne
194 2840 329 2900 historias
349 2841 467 2917 quidem
487 2860 592 2902 omnes
613 2843 651 2900 ab
672 2859 732 2902 uno
753 2842 899 2919 profectas
919 2843 1059 2903 arbitror:
1088 2860 1157 2901 nam
1178 2840 1284 2900 uitiatis

135 2921 254 3062 dfimum
269 2922 437 2983 nominibus
451 2923 595 3000 leotreprdo
609 2920 852 3000 Sardanapallus
866 2922 977 2984 scholia
991 2942 1128 2985 uersuum
1144 2938 1212 2999 512,
1225 2940 1281 2998 311

134 3003 143 3061 i
175 3013 222 3064 ata
235 3012 311 3064 sunt.

152 3136 183 3171 ss*
199 3133 258 3181 Non¹
271 3135 352 3182 desunt
368 3143 392 3182 et
409 3136 453 3183 alia
470 3135 565 3182 nomina
582 3150 641 3196 quae
658 3143 697 3182 aut
709 3133 842 3182 Gothorum
859 3141 912 3181 sunt
929 3141 969 3181 aut
985 3135 1009 3181 in
1021 3133 1154 3182 Gothorum
1167 3135 1285 3182 annalibus

134 3200 280 3261 proueniunt.
315 3200 469 3248 Conferantur
479 3202 620 3263 Andugenes
637 3200 720 3261 (schol.
732 3200 792 3263 329)
805 3208 828 3246 et
846 3200 949 3246 Iordanis
959 3200 1079 3264 Auringis,
1091 3201 1183 3247 Neodes
1201 3200 1285 3262 (schol.

136 3277 192 3326 313,
204 3265 263 3326 317)
281 3273 305 3313 et
325 3265 427 3313 Iordanis
442 3267 585 3314 Neodasiue
601 3266 687 3316 Netad.
721 3266 757 3313 Sic
774 3264 879 3312 Asterius
895 3265 985 3313 Darius
1002 3265 1183 3331 Andragatlu'us
1200 3266 1284 3330 (schol.
1334 3316 1344 3325 ,

135 3331 205 3394 Ibid.)
218 3332 364 3380 inueniuntur
376 3347 413 3394 ap.
425 3332 519 3381 Gibbon
531 3330 563 3382 iii.
580 3347 604 3396 p.
620 3343 675 3395 209,
689 3344 744 3394 213,
761 3331 785 3380 ii.
802 3346 825 3394 p.
837 3343 886 3395 513
897 3331 934 3378 ed.
947 3331 1056 3379 Milman.
