3126 4980
684 393 729 452 IN
751 393 848 453 IBIN.
1124 435 1126 439 -
1260 396 1299 455 77

744 549 896 608 intromitti
909 551 991 610 iussit
1002 571 1011 624 ;
1032 560 1061 610 et
1074 552 1148 612 iuste
1162 564 1300 630 expertus

745 632 885 706 estquod
900 633 927 690 ei
940 634 1120 692 monstrauit.
1142 634 1212 694 Ask.
1227 645 1253 694 et
1264 635 1298 695 C.

190 724 259 791 439.
280 714 394 791 thue
417 715 515 773 ferox
538 710 703 772 Phalaris.
786 712 871 771 Idem
905 731 1024 790 quoque
1063 714 1191 775 Phalaris
1229 736 1299 776 suos

148 797 232 856 Idem
255 797 384 855 Phalaris
406 797 485 855 ciues
507 813 577 854 suos
598 793 704 854 eodem
745 794 825 853 ciues
835 794 941 853 eodem
952 796 1044 854 modo
1056 796 1183 872 affligere
1194 799 1300 857 uolens
1399 822 1403 831 ·

147 889 231 938 tauro
268 880 372 938 intimo
409 878 582 954 torquebat:
623 875 705 952 quod
745 875 824 934 idem
843 894 947 951 passus
964 885 1008 936 est
1027 895 1044 935 a
1063 878 1175 937 ciuibus
1190 880 1249 938 suis
1270 890 1299 938 et

147 970 250 1036 postea
265 961 302 1018 ab
317 960 359 1019 eis
373 976 476 1036 passus
491 967 542 1016 est.
588 957 625 1017 G.
744 957 812 1096 1ὲοῖ
824 956 852 1016 d.
871 957 987 1098 lcltque
1011 958 1109 1018 ferox
1130 958 1298 1020 Phalaris.

775 1045 857 1096 s.et
898 1080 905 1096 .

190 1141 258 1193 441.
279 1121 437 1198 Dumque
461 1119 574 1193 redire
595 1118 702 1179 uoles,
784 1117 893 1178 Medea
907 1119 1017 1178 Peliam
1032 1121 1151 1181 Admeti
1166 1141 1300 1183 socerum

148 1203 257 1262 Medea
270 1203 379 1261 Peliam
393 1220 503 1278 regem,
517 1200 632 1259 fratrem
643 1200 702 1259 Ae·
743 1200 868 1260 Aesonis
895 1203 985 1277 patris
1012 1202 1126 1263 Iasonis
1153 1200 1297 1286 [fratrem]

147 1285 238 1355 soniS,
259 1285 350 1361 patris
371 1282 493 1355 Iasonis,
515 1282 635 1341 Admeti
656 1300 703 1341 so·
744 1282 858 1341 filiabus
871 1283 1059 1343 iuuenescere
1073 1295 1158 1362 pacta
1177 1288 1237 1345 suis
1255 1287 1300 1362 ip·

148 1384 255 1438 cerum,
284 1366 398 1423 filiabus
425 1365 486 1424 suis
513 1375 599 1440 pacta
626 1364 704 1422 reui-
744 1381 809 1422 sum
835 1364 873 1423 ab
901 1365 945 1425 eis
961 1364 1036 1425 *fecit
1058 1367 1189 1426 interfici.
1229 1368 1300 1429 Ask.

148 1448 260 1507 uiscere
273 1446 423 1505 interfecit.
468 1444 505 1505 G.
744 1450 771 1504 et
785 1445 819 1504 C.

190 1547 258 1603 443.
280 1528 349 1586 Aut
383 1544 491 1603 eques
522 1527 558 1583 in
590 1525 706 1584 medii..
785 1525 981 1603 Amphiaraus
1010 1539 1111 1588 contra
1139 1529 1301 1590 Thebanos

149 1609 247 1670 Notus
261 1618 304 1669 est
318 1626 403 1668 casus
416 1606 599 1684 Amphiarai.
644 1606 681 1667 G.
745 1618 926 1685 pugnaturus
946 1608 1031 1667 uiuus
1048 1611 1078 1667 in
1092 1609 1237 1669 infernum
1257 1613 1300 1669 in-

166 1717 173 1731 ·
747 1689 817 1748 cidit
826 1699 858 1748 ut
868 1690 897 1748 d.
909 1689 1015 1748 Statius
1026 1690 1125 1768 (Theb.
1144 1691 1211 1751 VII.
1219 1690 1300 1768 fia).

748 1770 842 1847 Supra
881 1770 918 1830 de
958 1771 1126 1831 infidelitate
1167 1775 1301 1851 coniugis

747 1868 826 1922 suae,
841 1871 919 1911 nuuc
934 1852 971 1912 de
984 1853 1059 1929 ipso.
1104 1853 1138 1913 C.

192 1947 261 2006 445.
282 1932 394 2009 Atque
419 1933 551 1994 utinam
574 1951 705 2010 pereas.
789 1933 920 1992 Cadmus
938 1934 1041 1994 dentes
1057 1936 1199 2011 serpentis
1214 1937 1301 1994 semi·-

149 2014 173 2072 F
175 2015 263 2074 abula
276 2016 312 2075 de
327 2015 451 2075 Cadmo.
497 2015 536 2075 G.
747 2015 837 2086 nauit,
852 2034 888 2074 ex
903 2015 1008 2091 quibus
1029 2016 1089 2075 nati
1109 2027 1177 2075 sunt
1195 2018 1301 2076 milites

747 2097 858 2166 armati,
868 2097 917 2173 qui
932 2098 1028 2155 statim
1043 2116 1075 2156 se
1088 2098 1301 2159 interfecerunt.

747 2176 871 2237 Ouidius
892 2178 1000 2236 Metam
1019 2179 1093 2238 libro
1115 2180 1199 2239 tertio
1221 2180 1301 2239 iuxta

216 2317 220 2324 ,
745 2258 929 2336 principium.
973 2259 1007 2319 C.

191 2353 259 2415 447.
281 2339 323 2399 Et
344 2359 429 2417 quae
450 2340 639 2400 Penthides
661 2339 704 2398 fe·
788 2339 966 2401 *Panciades
986 2342 1062 2400 filius
1083 2342 1207 2404 †Abacii
1230 2360 1301 2418 poe·

150 2423 204 2481 cit.
248 2421 404 2482 *Pentides
425 2432 454 2480 et
468 2423 630 2502 Hipponax
649 2422 704 2480 lra-
745 2431 791 2480 tae
812 2422 1031 2499 Hipponactem
1055 2423 1173 2482 fratrem
1196 2423 1301 2482 Medu-

150 2514 193 2562 tet
207 2502 378 2563 Medusae*
424 2503 461 2563 G.
745 2522 796 2562 sae
824 2504 972 2562 inimicum
1005 2522 1091 2564 suum
1123 2505 1243 2563 deuouit
1269 2506 1301 2563 in

192 2583 368 2643 *Penthides
389 2595 478 2660 poeta
497 2586 572 2644 filius
587 2580 705 2660 †Abagi
745 2595 860 2644 tantum-
879 2587 961 2662 quod
981 2604 1013 2645 se
1035 2586 1185 2663 suspendit
1208 2596 1240 2645 ut
1261 2587 1302 2646 ait

149 2664 318 2729 ueliEbalii
326 2665 406 2740 figuli
416 2666 637 2743 Hipponactem
648 2667 705 2725 fra·
744 2667 955 2731 †Bauciades.*
1002 2667 1028 2728 G
1040 2666 1149 2726 ctAsk.

148 2757 223 2804 trem
258 2746 403 2805 Medusae
436 2766 489 2824 per
527 2748 705 2808 inuectiuam

149 2836 263 2887 tantum
291 2827 382 2898 laesit,
410 2828 491 2904 quod
518 2829 582 2904 ipse
608 2830 704 2889 laesus

151 2927 183 2968 se
197 2927 267 2984 prae
282 2908 382 2967 dolore
397 2908 573 2986 suspendit*
604 2910 704 2970 Mure.

192 2991 238 3049 De
266 2989 447 3049 Callimacho
474 2990 520 3049 his
547 3002 684 3068 quattuor
710 2993 842 3051 uersibus
870 3003 959 3068 poeta
987 2993 1109 3054 Cireneo
1137 2993 1215 3052 Batti
1242 2993 1302 3052 filio

149 3070 286 3148 loquitur,
300 3072 351 3147 qui
372 3072 486 3147 scripsit
506 3074 537 3130 in
552 3073 744 3148 Apollonium
759 3073 909 3132 Rhodium
931 3074 1009 3132 Sillei
1029 3074 1076 3134 uel
1097 3085 1129 3133 ut
1149 3076 1197 3134 alii
1209 3073 1302 3133 Hillei

150 3152 251 3223 filium,
276 3153 326 3229 qui
354 3169 469 3211 sorores
495 3153 594 3212 habuit
622 3154 778 3213 Medusam
806 3163 835 3212 et
858 3155 922 3232 Arg
919 3155 1046 3232 yroelen
1076 3157 1303 3233 composuitque

151 3235 356 3310 Argonautica.
401 3233 468 3292 Ced.
484 3237 521 3308 36
538 3235 856 3294 Semrnam'r'Pataur‘m'.
1315 3251 1317 3255 ·

194 3333 261 3389 449.
283 3314 324 3372 Et
346 3315 471 3391 quibus
493 3317 626 3392 exiguo.
673 3316 719 3376 Sis
738 3335 776 3376 ex
794 3317 850 3375 illis
868 3316 1034 3376 uolneribus
1049 3336 1124 3395 quae
1138 3336 1169 3377 se
1183 3316 1303 3377 inferius

151 3407 222 3473 pota
235 3413 312 3473 aqua
325 3405 464 3472 purgant.
506 3396 543 3457 G.

71 3528 90 3564 s
188 3526 248 3574 439.
268 3510 391 3563 AdditG
435 3511 474 3562 sic
492 3509 583 3563 falaris
600 3511 666 3564 licet
690 3527 740 3564 rex
764 3510 902 3564 indictum
923 3510 1026 3566 bouem
1050 3512 1148 3565 missus
1168 3517 1211 3566 est
1231 3512 1303 3581 ligna

151 3581 226 3648 prius
238 3586 315 3632 secta
327 3586 356 3632 et
369 3581 427 3647 ipso
440 3580 543 3634 thauro
552 3581 721 3636 combustus.

188 3668 248 3715 441.
267 3649 361 3703 estiuis
374 3651 396 3704 C
464 3650 579 3706 fratrem
592 3671 642 3706 om.
655 3654 722 3707 Ask.
792 3651 911 3706 interfici
923 3652 1015 3721 ipsum
1025 3652 1060 3707 ab
1072 3653 1111 3707 eis
1122 3653 1207 3708 foecit
1221 3655 1249 3708 C.

188 3738 249 3785 443.
268 3721 419 3788 amphiorai
433 3723 465 3776 G.

188 3808 248 3857 445.
268 3791 386 3844 metha⁰⁸
399 3793 428 3846 C.

188 3876 250 3926 447.
269 3862 399 3917 Historiae
400 3862 523 3930 ficticiae.
589 3865 823 3932 yponatteMure.
884 3862 1130 3919 PenthiadesAsk.
1197 3865 1304 3919 abareti

153 3932 219 3984 Ask.
292 3931 361 3984 abali
374 3932 444 3986 Sal.
522 3935 690 4002 hyponatum
704 3937 770 3990 Ask.
850 3935 895 4002 ipo
908 3937 1029 3989 nanteG
1099 3936 1224 3989 medulae
1237 3937 1304 3988 Ask.

154 4001 288 4054 Medusae
300 4003 344 4054 uel
357 4002 485 4057 Melissae
498 4005 545 4057 Sal
564 4043 570 4057 .
628 4003 791 4074 Bauciades]
804 4025 870 4059 num·
879 4004 1037 4060 Battiades?
1068 4008 1159 4059 Etiam
1172 4009 1303 4059 uitiosiara

151 4084 212 4127 sunt
229 4090 294 4140 quae
311 4074 341 4126 de
359 4075 448 4127 Perseo
465 4085 490 4127 et
507 4076 616 4128 Medusa
634 4076 724 4129 addita
742 4088 802 4130 sant
819 4078 846 4129 in
865 4076 892 4140 C,
906 4095 970 4143 quae
988 4088 1111 4144 tanquam
1128 4079 1212 4145 inepta
1230 4078 1304 4128 omisi

152 4142 335 4210 poetainquit
349 4143 562 4211 CirneoPatau.
641 4146 806 4200 PsileiPa.‘
865 4145 928 4212 pilei
941 4149 990 4200 Pa.
1069 4146 1240 4211 Argiroelam
1252 4151 1303 4201 Pa.
1399 4178 1400 4182 =

152 4215 194 4268 De
207 4216 252 4266 hac
263 4215 369 4266 disticha
381 4213 486 4268 obscura
499 4217 591 4282 omnia,
605 4227 732 4284 quantum·
738 4229 786 4285 per
798 4217 966 4270 Scholiastas.
1006 4218 1072 4281 Sane
1084 4217 1220 4286 Hipponax
1226 4216 1303 4284 filius

151 4296 210 4339 erat
222 4285 312 4349 Pythei
326 4282 390 4352 (vids
400 4283 503 4352 Πύθεω)
518 4296 577 4340 teste
590 4288 675 4353 Sunia,
687 4299 712 4341 et
721 4287 850 4357 Bupalum
863 4296 939 4354 atque
950 4288 1072 4339 Athenim
1081 4289 1219 4356 sculptores
1230 4288 1303 4340 Chios

152 4358 195 4423 qui
210 4357 350 4423 imaginem
367 4357 420 4407 eius
438 4354 546 4409 lasciuia
564 4359 674 4410 iocorum
691 4370 837 4427 proposuere
854 4358 990 4410 ridentium
1008 4358 1109 4410 circulis
1130 4359 1304 4412 amaritudine

152 4426 352 4548 carminumbad
365 4424 481 4494 laqueum
494 4428 602 4496 conpulit
616 4426 696 4496 (Plin.
708 4426 821 4480 XXXV
818 4431 848 4493 Ι.
856 4426 909 4497 12),
923 4429 987 4481 unde
998 4428 1102 4495 conficta
1114 4428 1230 4482 uidentur
1242 4448 1304 4498 quae

153 4497 231 4550 Mure
242 4499 302 4550 exhi
318 4498 365 4551 uit.
