3038 4988
158 397 214 452 116
558 394 905 455 COMMENTARIVS.

154 553 341 614 2661124115
362 554 423 604 sub
444 566 500 605 ora
519 549 609 605 ‘close
628 568 666 620 up
688 560 717 605 to
736 552 780 606 his
799 552 877 605 face!
915 551 1132 620 Coniunguntur
1153 567 1244 619 nsque
1264 549 1315 602 suh

155 622 189 675 G.
208 636 227 674 1.
243 636 303 675 211.
388 632 390 635 ’
455 623 524 675 240.
544 625 591 674 De
609 625 954 677 tribue..una.eoror
974 624 1052 676 M.x.
1067 637 1118 689 313
1138 622 1316 689 tumidisque

154 691 277 761 adflanit
287 690 411 745 echidnis
423 691 453 745 E
464 692 555 745 tribas
568 710 626 745 nna
637 710 724 746 soror.
861 696 927 747 241.
945 697 1105 747 mouimus
1124 691 1313 745 excitauimus

156 762 265 816 ‘called
286 761 378 815 forth!
415 764 483 816 Her.
505 781 529 816 x.
551 764 608 830 148,
631 763 725 832 Quint.
745 764 779 818 vi.
802 778 823 817 1.
842 778 878 830 44
901 768 1039 828 'I'empue
1060 767 1095 817 in
1119 767 1314 816 immensum

156 832 202 887 ‘to
220 834 275 886 last
293 832 336 885 for
355 834 452 901 ages’;
475 834 511 886 ab
530 834 584 887 hoc
603 851 692 903 usque
711 844 838 903 ternpore
857 834 1025 888 lacrimabis
1134 837 1208 886 242.
1227 836 1314 887 suffi-

155 908 257 958 oiente
273 903 365 956 actiue
378 903 501 973 positum
515 903 627 958 uidetur
639 914 668 958 ut
681 904 764 959 G.=ii·i.
775 905 808 973 65
824 907 914 959 alima
927 923 963 958 ex
973 907 1034 960 alca
1041 905 1207 974 generando
1220 905 1314 973 suffice

149 975 268 1046 prolem.
308 976 393 1027 Noua
405 991 518 1043 semper
530 991 616 1028 causa
628 992 717 1029 nouas
730 975 862 1029 lacrimas
874 975 977 1044 gignet.
1071 978 1141 1028 245.
1162 990 1230 1041 suo,
1244 991 1313 1027 nam

155 1045 243 1114 ipsius
258 1044 375 1098 Clothus
388 1061 445 1097 non
459 1055 518 1099 erat
534 1045 623 1099 Ibidis
635 1046 694 1100 fata
707 1046 862 1114 uaticinari,
876 1048 927 1100 sed
941 1045 1044 1100 Ouidii.
1163 1049 1236 1098 246.
1256 1049 1313 1109 qui

155 1121 255 1179 oanet,
271 1120 339 1170 erit.
378 1116 514 1169 Futurum
533 1115 627 1186 posuit
645 1126 674 1170 ut
693 1117 795 1171 certius
813 1117 950 1171 indicaret
969 1135 1028 1170 rem
1044 1124 1213 1170 euenturam
1228 1133 1311 1169 esse:

154 1195 249 1255 potest
266 1186 342 1239 enim
361 1201 424 1240 esse
441 1196 521 1240 uates
539 1185 585 1256 qui
604 1196 695 1255 canat,
709 1205 761 1241 nec
779 1198 874 1243 tamen
891 1187 954 1241 cani
973 1188 1003 1240 id
1020 1187 1096 1257 quod
1115 1189 1240 1240 futurum
1259 1196 1310 1240 est.
1406 1239 1409 1248 η

156 1256 240 1326 Quod
268 1255 364 1310 statim
392 1256 535 1325 subiungit
562 1261 622 1311 Ille
646 1275 703 1322 ego
732 1275 803 1312 eum
830 1265 930 1321 uetes,
954 1276 994 1312 ex
1019 1275 1070 1312 me
1094 1263 1152 1311 tue
1175 1261 1312 1311 uulnera

154 1331 263 1381 disces.
418 1330 487 1383 247.
509 1332 643 1383 uulnera
662 1328 854 1398 metaphorice
875 1347 926 1398 pro
945 1328 1098 1396 doloribus,
1118 1338 1147 1382 ut
1168 1327 1253 1382 Trist.
1275 1327 1310 1381 iv.
1348 1334 1350 1339 '

158 1414 181 1451 1.
193 1411 234 1466 97.
272 1397 321 1452 Sic
339 1399 374 1451 de
394 1415 424 1451 se
441 1399 503 1467 ipso
519 1409 604 1467 poeta
622 1399 690 1453 Non
706 1399 788 1453 habet
803 1401 835 1453 in
852 1401 929 1453 nahts
944 1402 1002 1452 iam
1020 1416 1095 1452 noua
1109 1400 1202 1469 plaga
1219 1400 1312 1452 locum

156 1471 236 1523 Pont.
261 1468 295 1522 iv.
319 1470 358 1523 16.
380 1481 418 1536 52.
464 1468 556 1523 ‘That
580 1470 720 1539 Prophete
746 1488 810 1524 sure
832 1488 879 1525 am
902 1472 924 1538 1,
947 1470 979 1523 of
1000 1487 1046 1524 me
1067 1471 1136 1523 thou
1162 1470 1238 1522 shalt
1261 1470 1312 1537 thy

155 1539 317 1594 mischiefes
335 1541 435 1593 know:
462 1541 500 1593 So
519 1541 580 1594 that
599 1542 647 1594 the
667 1542 747 1596 Gods
766 1558 845 1595 some
864 1541 897 1594 of
911 1541 984 1594 their
1003 1541 1075 1609 skyll
1093 1539 1187 1593 would
1207 1557 1243 1593 on
1264 1557 1312 1608 my

155 1611 399 1664 wordesbestow’
436 1613 469 1663 T.
483 1610 673 1665 Vnderdown.
788 1615 860 1665 248.
878 1616 954 1666 dent
968 1616 1053 1665 uires
1069 1615 1102 1664 in
1119 1627 1191 1664 mea.
1202 1615 1311 1681 uerba.

155 1681 203 1735 Sic
221 1682 329 1735 dedens
347 1682 378 1734 in
396 1683 524 1735 carnnna
543 1684 619 1734 uires
638 1684 669 1735 F.
683 1682 700 1735 i.
718 1695 757 1750 17,
776 1689 817 1736 est
833 1689 861 1736 et
877 1699 965 1750 amor,
978 1682 1056 1736 dabit
1073 1681 1120 1736 hic
1136 1683 1167 1734 in
1188 1683 1313 1735 uulnera

153 1754 231 1805 uires
245 1754 285 1805 M.
300 1752 334 1805 iv.
352 1764 408 1819 150.
492 1755 563 1805 249.
581 1757 731 1807 accedent
743 1754 848 1822 pendet
861 1770 895 1807 ex
908 1754 1007 1817 modo,·
1025 1769 1199 1822 quamquam
1212 1752 1313 1806 fortius

154 1840 224 1877 sane
249 1833 324 1877 esset
346 1823 422 1892 quod
447 1822 534 1876 edidit
561 1824 715 1877 Merkelius
737 1821 870 1891 accedent,
892 1823 946 1878 nisi
971 1834 1070 1876 contra
1094 1833 1202 1876 starent
1225 1824 1312 1876 MSS.

155 1895 235 1948 Fam.
246 1893 280 1947 xi.
293 1909 334 1962 29.
347 1909 357 1946 1
374 1910 509 1964 magnum
518 1894 631 1962 pondus
643 1897 761 1948 accessit.
830 1899 973 1960 pondera
984 1910 1090 1947 rerum
1103 1892 1177 1946 ‘real
1191 1892 1314 1961 weight,'

156 1963 276 2033 ‘weight
295 1964 328 2017 oi
341 1963 457 2031 reality.’
492 1966 556 2018 Am.
570 1964 596 2018 ii.
614 1980 653 2030 14.
666 1980 700 2030 42
716 1967 757 2018 Et
771 1968 830 2019 sint
842 1966 981 2019 ominibus
992 1965 1120 2035 pondera
1136 1964 1222 2016 nulla
1235 1966 1311 2016 meis.

154 2038 226 2088 250.
246 2038 334 2097 Quae
347 2035 480 2088 carmina.
518 2040 680 2099 experiare
693 2036 819 2090 finaliter.
888 2039 957 2090 253.
975 2038 1147 2089 Poeantius
1160 2037 1314 2088 Herculis

154 2109 246 2161 heres
260 2108 336 2174 Hyg.
350 2106 384 2173 36
397 2106 515 2158 Dicitur
525 2106 690 2160 Philoctetes
702 2108 836 2160 Poeantis
840 2108 927 2175 filins
940 2111 1043 2176 pyram
1059 2107 1091 2158 in
1103 2111 1197 2157 monte
1212 2105 1314 2158 Oetaeo

154 2179 341 2231 construxisse
357 2176 481 2229 Herculi
494 2193 611 2246 eumque
627 2178 780 2232 accendisse
795 2180 1003 2232 mortalitatem.
1044 2177 1084 2230 Oh
1101 2176 1135 2229 id
1150 2176 1314 2245 heneficium

155 2248 308 2300 Philocteti
325 2247 462 2300 Hercules
482 2264 577 2301 arcus
599 2254 626 2300 et
644 2248 786 2316 sagittas
807 2248 952 2302 donauit.
1061 2249 1133 2300 255.
1151 2251 1208 2310 qui
1228 2250 1314 2301 bibit

155 2322 255 2372 ubera
272 2333 383 2371 oeruae
399 2317 550 2386 Telephus.
586 2319 646 2371 Ael.
661 2321 694 2372 V.
711 2321 748 2373 H.
762 2318 806 2372 xii.
821 2335 854 2386 42
873 2319 988 2388 ἔθρεψε.
1000 2359 1006 2372 .
1017 2360 1023 2372 .
1034 2317 1155 2387 Τήλεφον
1166 2322 1214 2370 τὸν
1226 2320 1314 2386 Αὔγης

156 2391 197 2441 καὶ
210 2386 369 2456 Ἡρακλέους
381 2387 487 2456 ἔλαφος.
528 2389 608 2442 Idem
623 2390 659 2443 H.
675 2391 709 2442 A.
723 2389 770 2442 vii.
784 2404 818 2457 39
831 2389 911 2443 ’Ὅσοι
928 2389 1037 2459 λέγουσι
1057 2388 1138 2455 θῆλυν
1153 2388 1257 2456 ἔλαφον
1271 2387 1313 2439 κέ-

154 2481 221 2527 ρατα
236 2459 266 2512 οὗ
279 2457 365 2527 pieta,
376 2457 420 2510 οὐκ
437 2457 565 2511 αἰδοῦνται
582 2459 642 2514 τοὺς
658 2464 703 2512 τοῦ
720 2459 835 2514 ἐναντίου
846 2462 984 2528 μάρτυρας,
998 2458 1136 2529 Σοφοκλέα
1147 2457 1195 2526 μέν
1207 2458 1314 2511 εἰπόντα

155 2532 259 2598 Νόμας
276 2529 309 2582 τέ
326 2550 372 2582 τις
388 2527 529 2596 κεροῦσσ’
546 2527 591 2582 ἀπ’
605 2529 715 2599 ὀρθίων
731 2531 834 2600 πάγων
850 2530 1019 2599 Καθεῐρπεν
1037 2531 1154 2598 ἔλαφος
1172 2529 1214 2582 καὶ
1232 2529 1315 2583 πάλιν

148 2599 268 2669 ''Apoaa
286 2597 380 2667 μύξος
393 2617 409 2647 h
436 2618 452 2648 κ
471 2601 518 2651 καὶ
541 2602 754 2669 κερασφόρους
774 2601 970 2671 Στόρθυγγας
991 2597 1070 2671 ἄμφ’
1090 2599 1205 2666 ἕκηλος,
1226 2616 1313 2668 quem

156 2674 250 2725 locum
269 2688 303 2724 ex
322 2669 438 2723 Aleadis
459 2669 501 2737 (ir.
516 2671 560 2738 87)
581 2671 700 2740 sumpsit
719 2671 862 2726 Aelianus.
903 2671 1042 2726 Videlicet
1061 2669 1251 2738 descripserat
1272 2670 1312 2723 ibi

158 2742 312 2811 Sophocles
326 2758 440 2794 ceruam
450 2741 577 2809 Telephi,
588 2752 617 2795 ut
630 2751 769 2796 monstrat
784 2744 812 2796 L.
825 2743 972 2811 Campbell
986 2743 1023 2796 ad
1036 2743 1086 2795 loc.
1163 2743 1238 2794 256.
1251 2744 1313 2793 Ar-

155 2816 235 2867 mati
247 2810 374 2865 Achillis.
442 2814 573 2865 inermis
586 2829 653 2865 nam
666 2812 794 2868 eiusdem
806 2813 924 2867 Achillis
939 2815 1038 2867 hastae
1051 2811 1178 2880 robigine
1193 2822 1314 2865 sanatus

156 2895 207 2953 est,
221 2883 316 2937 robore
328 2899 400 2950 raso,
413 2883 519 2935 Iniecta
531 2883 660 2936 memhris
672 2885 794 2953 pulnere
805 2885 890 2938 Anth.
907 2886 936 2937 L.
955 2885 1011 2951 184,
1027 2883 1120 2936 Riese.
1135 2881 1206 2936 Plin.
1221 2882 1314 2935 xxxiv.

158 2969 215 3024 152,
237 2953 383 3009 Claudian.
403 2953 493 3021 Epist.
510 2965 531 3020 5.
546 2953 581 3019 46
598 2954 641 3007 ed.
662 2955 729 3023 leep
749 2956 846 3008 Sanus
862 2955 1000 3008 Achilleis
1018 2955 1155 3007 remeauit
1175 2953 1316 3022 Telephus

154 3027 253 3094 herhas,
264 3026 353 3080 Cuius
348 3024 518 3148 Opertulerat
526 3025 609 3092 nires,
618 3030 644 3077 et
650 3027 737 3078 sensit
745 3027 776 3078 in
784 3042 841 3078 una
848 3027 972 3079 Letalem
978 3025 1177 3095 placidamque
1184 3041 1313 3077 manum.

156 3100 240 3166 Prop.
259 3095 285 3150 ii.
307 3111 327 3149 1.
366 3110 390 3163 3,
409 3109 427 3161 4
444 3095 547 3163 Mysus
564 3101 591 3148 et
608 3096 766 3149 Haemonii
779 3097 893 3149 iuuenis
910 3113 967 3165 qua
984 3097 1097 3165 cuspide
1115 3095 1225 3148 uulnus
1243 3095 1315 3147 Sen-

155 3174 238 3236 serat,
251 3167 304 3221 hac
315 3168 379 3237 ipsa
390 3166 504 3234 cuspide
515 3167 601 3218 sensit
613 3170 698 3236 opem.
736 3167 821 3220 Anth.
837 3168 894 3220 Pal.
904 3169 936 3220 V.
949 3181 1008 3234 291.
1022 3178 1035 3234 5
1049 3166 1169 3233 Τήλεφον
1181 3167 1196 3216 ὁ
1210 3167 1316 3231 τρώσας

155 3242 196 3293 καὶ
209 3239 349 3293 ἆκέσσατο.
413 3239 479 3292 257.
500 3239 625 3300 Quique
637 3241 677 3290 ab
691 3253 769 3300 equo
784 3238 979 3306 Bellerophon.
1016 3235 1197 3290 inAleiain
1213 3235 1316 3289 Cilicia

158 3312 189 3364 ll.
200 3309 236 3364 vi.
250 3325 309 3376 201,
326 3310 399 3375 Hyg.
416 3319 447 3374 57
461 3308 548 3360 Hanc
561 3307 763 3376 (Chimaeram)
776 3312 863 3378 snper
873 3309 1013 3378 Pegasum
1026 3308 1121 3360 sedens
1133 3307 1278 3376 interfecit
1288 3311 1318 3358 et

155 3380 441 3435 decidissediciturin
451 3378 667 3447 camposAleias
676 3377 845 3445 (Heinsius).
887 3382 957 3432 258.
970 3381 1078 3431 Exitio
1090 3381 1186 3431 facies
1196 3386 1316 3446 propter

156 3468 283 3505 amorem
297 3449 503 3516 Sthenoboeae,
521 3449 614 3503 Proeti
630 3448 730 3502 uxoris.
804 3452 872 3503 259.
892 3452 932 3503 Id
949 3453 1058 3502 uideas
1076 3448 1209 3502 tenebras
1229 3448 1263 3500 Ο.
1280 3449 1314 3503 T.

155 3536 209 3589 419
229 3519 362 3576 βλέποντα
384 3522 427 3571 νῦν
445 3519 492 3586 μέν
511 3517 568 3589 ὄρθ’
587 3520 673 3573 ἔπειτα
695 3519 722 3571 δὲ
744 3520 848 3574 σκότον.
930 3522 1155 3585 Amyntorides
1174 3517 1316 3571 Phoenix.

155 3590 286 3660 Apollod.
307 3588 343 3642 iii.
364 3603 403 3655 13.
421 3589 436 3641 8
456 3587 538 3643 Οὗτος
555 3589 604 3642 ὑπὸ
622 3594 668 3644 τοῦ
686 3592 783 3657 πατρὸς
801 3590 939 3661 ἐτυφλώθη
959 3588 1189 3659 καταψευσαμένης
1207 3588 1316 3656 φθορὰν
1364 3646 1367 3651 ,

156 3663 235 3714 Φθίας
247 3663 292 3727 τῆς
303 3662 349 3712 τοῦ
361 3659 458 3726 πατρὸς
468 3660 636 3713 παλλακίδος.
682 3661 918 3729 ,ωίιιὶεῢτοἹλγ
931 3660 978 3715 the
992 3663 1057 3730 help
1071 3661 1116 3714 of.’
1154 3661 1193 3712 M.
1209 3658 1244 3712 ix.
1260 3674 1315 3726 234

155 3749 211 3803 qno
220 3731 345 3800 flamma
363 3729 495 3781 ministro
513 3730 641 3784 Subdita.
761 3735 832 3785 260.
850 3736 1066 3796 Praetemptes
1085 3731 1227 3800 ‘grope.’.
1245 3730 1313 3784 Sen.

156 3803 228 3858 Oed.
242 3801 295 3869 656
313 3800 422 3853 Baculo
434 3800 519 3853 senili
528 3803 609 3854 triste
616 3806 830 3871 praetemptans
841 3805 902 3856 iter.
982 3806 1046 3856 261.
1066 3818 1159 3868 quem
1173 3800 1313 3869 Oedipus

115 3923 117 3926 ,
155 3877 223 3929 fllia
240 3871 391 3940 Antigone.
542 3874 609 3925 263.
633 3874 672 3926 de
689 3876 745 3927 lite
763 3878 869 3928 iocosa
889 3876 928 3927 M.
946 3873 982 3927 iii.
1001 3889 1060 3942 332,
1082 3875 1155 3940 Hyg.
1174 3883 1207 3939 75
1231 3872 1319 3924 Inter

154 3948 251 4001 Ionem
270 3949 297 3997 et
314 3943 451 3996 Iunonem
464 3942 531 4012 fuit
551 3942 663 3997 iocosa
684 3945 868 4013 altercatio,
888 3947 953 4014 quis
973 3947 1066 4014 mages
1079 3944 1120 4000 de
1140 3960 1170 3996 re
1191 3959 1316 3996 uenerea

155 4018 330 4086 uoluptatem
343 4017 458 4082 caperet,
473 4014 615 4067 masculus
627 4031 665 4066 an
674 4016 805 4085 faemina
814 4036 824 4069 .·
848 4017 881 4069 de
895 4033 952 4084 qua
968 4033 998 4068 re
1014 4016 1152 4068 Tiresiam
1168 4012 1315 4066 iudicem

156 4094 369 4157 sumpserunt
391 4086 444 4153 qui
466 4090 618 4153 utrumque
639 4091 702 4138 erat
721 4090 858 4155 expertus.
905 4086 937 4139 Is
957 4103 1019 4140 cnm
1041 4085 1191 4139 secundnm
1214 4084 1316 4137 Ionem

154 4161 312 4225 iudicasset,
325 4156 399 4209 Iuno
411 4157 489 4208 irata
502 4173 590 4208 mann
603 4173 704 4209 auersa
716 4173 779 4210 eum
791 4158 957 4211 eucaecauit.
1053 4159 1123 4211 264.
1141 4157 1316 4218 Apollinea.

155 4227 336 4285 uaticinandi.
377 4230 413 4280 in
426 4226 493 4280 dum
507 4236 617 4279 exercet
630 4237 719 4280 artem
734 4227 803 4281 Plin.
813 4228 901 4281 xxxvi.
915 4243 942 4280 11
953 4228 1086 4296 Bupalus
1097 4231 1126 4280 et
1131 4225 1257 4278 Athenis
1267 4226 1318 4279 uel

154 4300 309 4356 clarissimi
319 4300 350 4351 in
363 4315 395 4350 ea
406 4297 619 4367 scientiafuere.
649 4297 696 4351 Sic
698 4298 823 4367 florebat
834 4301 865 4352 in
878 4300 969 4352 armis
983 4298 1037 4352 Cir.
1050 4314 1105 4351 110.
1167 4298 1237 4349 265,
1258 4299 1315 4350 ille

156 4372 286 4426 Phineus
333 4370 392 4422 Hr'c
410 4369 525 4421 dearum
543 4368 661 4421 consilia
679 4386 741 4423 cnm
762 4373 928 4424 enunciarct
948 4370 983 4422 ab
1000 4370 1068 4423 Ione
1088 4373 1131 4420 est
1150 4373 1317 4420 excaecatus

157 4437 337 4511 Hyg.19.“0s
349 4439 408 4505 περὶ
422 4438 452 4505 δὴ
465 4439 566 4491 πάντων
578 4438 711 4493 ὀλοώτατα
723 4437 819 4508 ’πήματ’
832 4440 924 4508 ἀνέτλη
939 4438 1030 4493 Εἵνεκα
1045 4436 1214 4508 μαντοσύνης,
1228 4437 1276 4504 τὴν
1290 4439 1316 4491 οἱ

154 4515 236 4581 πάρος
247 4509 401 4581 ἐγγυάλιξεν
414 4507 546 4575 Λητοΐδης·
569 4507 622 4562 οὐδ’
635 4508 721 4564 ὅσσον
733 4511 835 4578 ὀπίζετο
852 4512 893 4565 καὶ
907 4512 968 4566 Διὸς
985 4512 1062 4564 αὐτοῦ
1078 4509 1174 4578 Χρεὶων
1187 4507 1316 4576 ἀτρεκέως
