3038 4988
509 386 857 448 COMMENTARIVS.
1201 395 1258 449 153

105 546 297 619 Amphionem
316 545 355 602 ὅτι
373 547 401 601 ἒν
419 546 496 618 διόδῳ
515 544 530 614 ἢ
550 545 589 600 ὅτι
608 546 676 615 ἀμφὶ
695 546 756 599 ὁδὸν
773 545 850 599 αὑτὸν
867 544 951 598 ἔτεκεν
969 546 1058 599 idest
1074 547 1208 615 quoniam
1226 550 1259 601 in

105 619 182 672 binio
200 634 262 672 eam
277 620 371 672 edidit.
408 621 461 687 qui
471 622 624 688 postquam
640 623 758 671 matrem
775 622 955 686 agnouerunt
965 617 1071 670 Dircen
1087 619 1128 671 ad
1141 625 1259 671 taurum

105 691 276 743 indomitum
288 689 442 759 deligatam
460 691 523 742 uita
535 691 705 758 pn'uarnnt.
777 692 943 752 inperiose.
973 689 1055 756 Prop.
1069 687 1106 741 iii.
1122 701 1160 757 15.
1178 703 1208 756 13
1227 690 1255 743 A

106 763 234 830 quotiens
256 761 374 830 pulcros
402 762 474 813 ussit
501 761 601 829 regina
630 757 740 827 (Dirce)
770 759 888 828 capillos
915 758 1073 827 (Antiopes)
1099 760 1259 828 Molliaque

106 833 220 884 inmites
228 832 301 900 fixit
312 832 344 883 in
356 847 407 884 ora
420 847 529 883 manns.
565 830 593 883 A
608 831 735 898 quotiens
743 829 891 898 famulam
900 831 998 899 pensz‘s
1010 831 1140 883 onerauit
1151 832 1259 900 c’niquis

106 902 150 954 Et
166 905 252 970 caput
269 904 301 954 in
318 902 394 954 dura
405 904 511 970 ponere
526 902 611 953 iussit
626 900 719 954 lcnmo.
756 901 846 969 Saepe
858 901 940 953 illam
954 901 1101 953 inmundis
1113 904 1201 969 passa
1218 906 1260 954 est

107 970 235 1024 habitare
255 972 381 1040 tenebris,
407 972 495 1025 Vilem
518 972 630 1024 ieiunae
652 975 732 1040 saepe
756 972 874 1040 negauit
893 987 1006 1039 aquam.
1085 975 1163 1037 Lyci
1184 971 1258 1040 regis

108 1042 310 1095 Thebanorum
322 1043 453 1112 Apollod.
466 1041 504 1096 iii.
520 1054 541 1110 5.
558 1054 580 1110 5.
618 1041 703 1094 Varie
721 1041 826 1095 tradita
844 1049 886 1094 est
905 1040 1030 1109 historia,
1043 1051 1074 1095 ut
1091 1059 1125 1095 ex
1142 1041 1257 1110 Hygino

108 1113 163 1179 7,8
182 1123 308 1182 apparet.
380 1116 448 1168 537.
469 1116 580 1177 paelex
597 1114 701 1166 inuita
722 1114 840 1166 sororis
860 1110 1016 1165 Philomela
1037 1128 1123 1181 quam
1142 1114 1257 1180 Tereus,

108 1182 226 1236 maritus
250 1185 373 1237 Procnes
395 1183 498 1237 sororis
521 1182 589 1250 eius,
608 1184 732 1235 inuitam
754 1184 785 1235 in
804 1188 893 1235 morte
913 1184 1074 1251 compressit
1096 1182 1182 1252 (Hyg.
1203 1182 1259 1252 45),

108 1253 329 1323 luctantemque
352 1255 439 1323 loqui,
460 1257 651 1323 comprensam
666 1254 779 1322 forcipe
801 1254 940 1323 linguam,
962 1253 1092 1307 Abstulit
1114 1271 1177 1307 ense
1191 1255 1259 1323 fera

110 1325 162 1393 (M.
174 1323 209 1378 vi.
225 1324 296 1393 556).
332 1327 414 1378 Haec
426 1325 463 1378 ab
478 1323 593 1393 Hygino
601 1324 705 1394 paelex
720 1325 806 1391 Terei,
820 1324 856 1377 ab
871 1322 975 1376 Ouidio
983 1324 1088 1392 paelex
1096 1326 1202 1378 sororis
1214 1324 1258 1378 bis

109 1404 227 1448 uocatur
240 1398 294 1462 (M.
308 1394 343 1449 vi.
359 1408 417 1464 537,
431 1395 503 1463 606).
591 1397 661 1448 538.
679 1400 752 1448 ante
764 1397 860 1458 pedes
871 1399 944 1448 tuos
956 1403 984 1447 te
997 1394 1059 1462 ipso
1072 1394 1256 1463 inspectante.

109 1467 179 1528 539,
192 1468 263 1520 540.
283 1466 389 1547 Recepi
403 1464 631 1519 emendationem
646 1464 794 1534 Leopardi,
806 1464 858 1518 etsi
872 1465 1002 1517 codicum
1016 1464 1183 1534 scripturam
1196 1466 1258 1534 ipse

108 1545 215 1590 tutatus
233 1537 341 1589 sueram
360 1554 389 1589 in
410 1536 508 1589 Diario
529 1535 702 1604 Philologiae
722 1534 884 1604 Cantabrig.
902 1534 948 1588 vii.
968 1552 1015 1603 pp.
1029 1548 1089 1604 252,
1109 1551 1134 1603 3.
1181 1538 1258 1590 Fons

108 1605 169 1660 uitii
183 1607 211 1659 in
226 1618 357 1676 corrupta
372 1623 442 1661 uoce
455 1608 528 1660 lesus
545 1606 621 1676 quod
639 1622 738 1659 uerum
756 1622 813 1658 non
832 1622 895 1658 esse
912 1604 1017 1658 indicio
1034 1616 1076 1660 est
1089 1606 1168 1675 leius,
1182 1607 1259 1676 quod

109 1677 196 1730 habet
217 1677 364 1731 Conradus
383 1678 419 1731 de
440 1680 531 1731 Mure.
604 1679 756 1730 Conditor
773 1679 883 1729 tardae
902 1679 1002 1740 Cyrae
1021 1686 1063 1730 est
1083 1678 1192 1744 Battus,
1210 1678 1257 1747 qui

112 1749 237 1816 Cyrenas
263 1748 397 1816 condidit,
420 1748 472 1802 sed
495 1757 560 1816 post
585 1748 689 1801 multos
714 1763 804 1800 annos
829 1745 931 1816 quibus
956 1746 984 1799 in
1009 1745 1103 1800 uarias
1127 1747 1258 1816 regiones

107 1817 186 1871 orbis
208 1817 357 1886 diuagatus
379 1829 430 1887 est,
450 1828 480 1872 ut
499 1827 624 1872 narrant
636 1817 799 1872 Herodotus
819 1816 854 1871 iv.
871 1818 999 1885 153-158,
1021 1817 1144 1871 Iustinus
1163 1818 1217 1872 xiii.
1233 1832 1257 1885 7.

109 1891 178 1942 539.
204 1891 364 1944 Conditor.
409 1889 506 1943 lustin.
526 1888 583 1943 xiii.
603 1901 617 1954 7
639 1889 744 1957 Cyrene
767 1888 879 1942 condita
893 1888 960 1956 suit
984 1888 1018 1940 ab
1038 1889 1180 1957 An'staeo,
1206 1889 1258 1943 cui

109 1976 232 2013 nomen
251 1962 350 2014 Batto
367 1970 505 2029 propter
520 1960 656 2028 linguae
672 1958 915 2027 obligationem
925 1959 998 2028 fuit.
1037 1960 1143 2013 Herod.
1157 1959 1193 2014 iv.
1210 1960 1259 2029 156

110 2026 1260 2166 instruuntur.tutti{laurentianumtn:

111 2171 210 2236 κτίζειν,
221 2172 272 2225 sed
285 2174 382 2225 κόλπον
391 2174 475 2241 μυχὸν
485 2181 513 2225 et
522 2170 625 2224 similia
635 2170 771 2225 dixerunt.
793 2170 860 2239 (Vit.
874 2170 1011 2224 Herodot.
1020 2169 1059 2238 ii.)
1088 2170 1134 2224 Sic
1145 2178 1260 2226 uastare

109 2242 267 2295 exscindere
284 2242 388 2296 nostem
407 2259 453 2311 ap.
472 2242 611 2295 Tacitum.
646 2241 776 2311 (Shilleto
795 2241 832 2294 ad
851 2242 939 2294 Thuc.
953 2240 980 2294 ii.
993 2241 1048 2310 61.)
1086 2241 1150 2295 Pari
1173 2243 1259 2297 modo

112 2312 219 2365 Statius
237 2314 265 2366 S.
280 2312 314 2366 iv.
329 2327 353 2379 3.
367 2325 400 2378 72
416 2314 587 2382 Camparum
600 2312 666 2365 bone
678 2313 805 2366 conditor
816 2329 940 2364 meorum
956 2311 1025 2365 dixit
1043 2310 1079 2366 de
1093 2313 1259 2367 Domitiano

111 2383 280 2436 Vulturnum
299 2384 381 2437 alueo
401 2383 563 2437 continente
582 2392 610 2437 et
629 2393 746 2452 pontem
765 2400 849 2452 super
868 2392 1001 2436 struente.
1080 2387 1190 2437 tardae
1210 2386 1259 2438 Se·

111 2453 235 2506 cundum
247 2453 426 2507 Herodotum
437 2456 537 2508 Battus
550 2471 615 2506 cum
628 2453 764 2507 Theraeis
779 2455 896 2507 Platean
909 2470 959 2534 per
972 2453 1043 2506 duos
1056 2471 1154 2522 annos,
1165 2455 1259 2508 Azirin

110 2540 162 2593 per
183 2541 232 2577 sex
252 2524 393 2578 incolebat
415 2524 579 2594 priusquam
602 2523 630 2576 in
651 2523 837 2592 Cyrenaicum
855 2534 933 2578 uenit
953 2523 999 2591 (iv.
1016 2536 1073 2592 157,
1090 2526 1160 2594 158).
1201 2525 1260 2580 Sed

111 2603 139 2648 et
158 2604 222 2663 post
241 2605 389 2664 acceptum
408 2612 426 2649 a
444 2595 739 2664 Pythiaresponsum,
754 2611 809 2665 quo
828 2594 896 2648 iussi
916 2604 996 2648 erant
1009 2595 1135 2649 Africam
1153 2604 1258 2665 petere,

111 2663 288 2719 interiectum
312 2675 424 2735 tempus
446 2665 541 2733 fuisse,
563 2682 616 2719 nec
641 2664 738 2718 statim
762 2683 822 2718 rem
847 2666 998 2734 adgressos
1023 2665 1109 2720 tradit
1134 2667 1258 2721 Iustinus

110 2734 165 2788 xiii.
178 2748 203 2801 7.
268 2738 408 2790 Blaesus.
441 2736 488 2790 Sic
502 2738 632 2789 Romano
646 2735 760 2789 nomine
774 2746 856 2790 uocat
869 2738 997 2804 Battum,
1012 2746 1157 2806 tamquam
1170 2737 1259 2807 ἰσχνό-

111 2808 200 2873 φωνον
218 2808 258 2860 καὶ
276 2809 388 2875 τραυλὸν
402 2807 522 2874 (Herod.
536 2806 571 2861 iv.
588 2805 658 2875 155).
696 2808 821 2874 Hesych.
838 2808 934 2860 Βάττος
950 2809 1052 2869 Λίβυες·
1074 2809 1260 2876 τραυλόφωνος

112 2875 286 2946 ἰσχνόφωνος.
330 2879 401 2931 Orta
418 2877 530 2931 uidetur
547 2878 618 2931 haec
637 2877 830 2946 interpretatio
849 2876 971 2930 nominis
991 2895 1025 2930 ex
1044 2879 1157 2931 oraculo
1176 2877 1259 2947 Βάττ’,

111 2947 153 2999 ἐπὶ
171 2948 259 3015 φωνὴν
276 2945 368 3014 ἦλθεςε
394 2965 566 3017 quamquam
588 2950 687 3001 reuera
704 2950 810 3001 Battus
829 2947 966 3016 Libycum
987 2965 1091 3002 nomen
1111 2950 1187 3018 regis
1207 2947 1258 3002 suit

111 3026 183 3071 teste
198 3018 305 3071 Herod.
319 3017 354 3073 iv.
372 3031 427 3087 155.
502 3022 602 3082 Cyrae
616 3018 701 3072 fontis
716 3018 824 3088 (Steph.
837 3019 869 3072 B.
880 3035 900 3073 s.
911 3035 935 3071 u.
947 3015 1056 3084 Κυρήνη,
1072 3018 1164 3072 Schol
1177 3018 1258 3075 Pind.

113 3089 194 3155 Pyth.
213 3088 247 3142 iv.
270 3101 328 3157 523,
352 3089 462 3144 Callim.
473 3091 519 3152 H.
537 3091 630 3158 Apoll.
650 3089 684 3143 88
703 3098 731 3142 et
751 3088 857 3155 Schol.)
877 3089 922 3142 uel
940 3088 1045 3142 montis
1066 3089 1146 3157 (lust.
1165 3088 1220 3143 xiii.
1241 3103 1257 3155 7

106 3160 202 3228 pulsis
225 3161 325 3213 accolis
348 3165 468 3214 montem
494 3161 588 3229 Cyran
612 3164 640 3213 et
657 3163 778 3230 propter
800 3160 996 3212 amoenitatem
1019 3159 1076 3212 loci
1093 3165 1121 3212 et
1164 3163 1262 3228 rapter

102 3230 198 3298 fontis
215 3230 367 3284 ubertatem
385 3229 563 3300 occupauere)
583 3231 611 3284 in
631 3247 687 3300 quo
707 3229 822 3283 condita
844 3238 887 3282 est
907 3231 1023 3297 Cyrene.
1063 3230 1126 3297 Quo
1167 3231 1191 3283 C
1186 3233 1260 3300 prae

110 3299 203 3368 priore
222 3301 331 3367 syllaba
349 3301 487 3370 producta
505 3301 608 3370 posuit,
627 3301 656 3355 id
675 3318 732 3354 non
751 3317 786 3354 ex
804 3300 913 3354 Callim.
931 3301 969 3353 H.
982 3300 1074 3368 Apoll.
1089 3300 1122 3354 88
1141 3317 1258 3355 excuses

113 3370 191 3437 (nam
209 3370 248 3423 ibi
267 3371 448 3425 scribendum
467 3382 509 3426 est
532 3389 596 3425 cum
620 3373 654 3426 Ο.
675 3370 849 3425 Schneidero
869 3389 902 3424 ex
923 3368 1036 3423 Pindari
1058 3370 1151 3424 Schol.
1172 3373 1201 3426 P.
1222 3372 1256 3426 iv.

114 3452 162 3508 523
180 3442 211 3493 Οἱ
230 3439 252 3494 δ’
271 3444 341 3495 οὕτω
359 3443 459 3510 apyrina
477 3441 561 3512 Κόρης
577 3442 698 3496 ἐδύναντο
712 3443 854 3507 πελάσσαι,
874 3458 931 3494 non
947 3442 1030 3511 πηγῇς
1046 3441 1139 3511 (codd.
1156 3442 1258 3511 πηγῆς),

111 3511 162 3565 sed
184 3529 218 3565 ex
239 3511 299 3580 pari
322 3511 511 3567 inconstantia
533 3530 589 3582 qua
610 3511 711 3580 Κυρήνη
733 3512 854 3582 primam
873 3511 1011 3579 syllabam
1029 3512 1116 3565 modo
1134 3513 1258 3583 longam,

112 3582 197 3635 modo
220 3592 378 3652 correptam
398 3583 492 3651 habet,
512 3593 542 3637 ut
564 3583 652 3636 fusius
675 3584 758 3637 docet
781 3582 970 3637 Schneiderus
990 3583 1019 3636 in
1041 3583 1092 3636 loc.
1187 3587 1259 3640 540.

112 3652 278 3706 Notandum
291 3653 391 3722 triplex
404 3671 490 3707 sonus
503 3655 542 3720 in,
555 3654 632 3723 quod
645 3653 673 3707 in
688 3653 792 3708 Ouidio
808 3670 877 3708 sane
894 3653 993 3708 rarius
1028 3653 1075 3707 Ad
1088 3655 1259 3709 sententiam

112 3722 239 3776 similiter
260 3724 428 3793 Lycophron
450 3724 486 3778 de
506 3725 639 3778 Menelao
658 3725 700 3779 Al.
720 3726 771 3792 823
791 3725 886 3778 Ποίους
905 3724 1042 3792 θαλάσσης
1063 3725 1107 3777 οὐκ
1127 3725 1141 3776 ἐ
1158 3724 1259 3792 corion

110 3792 223 3862 μυχούς;
246 3794 328 3846 Ποίαν
347 3795 375 3846 δὲ
392 3794 489 3863 χέρσον
508 3796 553 3847 οὐκ
571 3793 719 3863 άνιχνεῦσει
737 3797 839 3864 μολῶν;
860 3795 922 3849 Val.
943 3797 975 3850 F.
990 3794 1026 3850 iv.
1039 3808 1091 3862 447
1110 3747 1170 3849 llige
1187 3796 1262 3850 mita·

110 3865 231 3917 diuersis
253 3870 381 3918 erratum
405 3865 514 3918 casibus
537 3866 627 3918 orbem
651 3865 783 3919 Aminas
806 3871 859 3919 aut
872 3866 948 3935 slere
970 3866 1065 3920 domos
1089 3871 1141 3919 aut
1163 3867 1260 3920 dulcia

110 3939 220 4004 tempus
231 3936 363 3988 Lumina.
471 3938 536 3990 541.
557 3935 638 3990 ‘And
651 3937 712 3990 that
725 3937 773 3991 the
786 3936 858 4004 busy
871 3938 929 3990 Bee
942 3936 971 3989 in
984 3937 1023 3990 th’
1037 3938 1113 4004 Eyes
1126 3937 1171 3989 hir
1182 3937 1258 3990 hurt-

110 4005 159 4057 full
172 4004 264 4074 stinge
277 4022 343 4073 may
356 4005 445 4059 sticke
458 4025 463 4059 :
482 4007 522 4059 As
536 4005 603 4060 with
615 4007 663 4060 the
677 4024 755 4060 same
773 4007 801 4059 in
819 4006 902 4061 times
919 4024 991 4075 agoe
1003 4007 1070 4074 they
1083 4007 1132 4060 did
1145 4007 1258 4060 Acheus

110 4074 224 4144 pricke.'
252 4078 284 4130 T.
293 4076 483 4130 Vnderdown.
555 4080 667 4145 opifex,
686 4077 833 4146 ἐργοφόρος
851 4077 912 4131 Ael.
933 4078 971 4130 H.
984 4077 1017 4130 A.
1032 4095 1057 4130 v.
1070 4091 1113 4142 42.
1152 4076 1259 4130 Nescio

110 4163 146 4198 an
159 4163 248 4214 genus
261 4163 347 4215 apum
359 4147 486 4201 siluestre
499 4148 651 4217 respexerit
664 4164 737 4216 quae
753 4148 841 4200 multo
858 4147 1051 4200 iracundiores
1067 4147 1117 4200 sed
1130 4150 1210 4216 opere
1226 4164 1260 4201 ac

109 4217 203 4271 labore
212 4218 391 4287 praestantes
403 4216 533 4271 dicuntur
545 4235 563 4272 a
577 4217 667 4271 Plinio
680 4217 716 4272 xi.
728 4230 768 4286 59.
799 4216 915 4271 Aristot.
927 4218 965 4270 H.
973 4218 1008 4271 A.
1019 4216 1054 4270 ix.
1064 4231 1100 4282 4ο
1109 4218 1134 4269 al
1146 4217 1196 4269 ἀπὸ
1208 4223 1259 4270 τῶν

109 4287 242 4355 ὑλονόμων
255 4286 393 4357 δασύτεραι
406 4289 447 4340 καὶ
462 4289 585 4342 ἐλάττους
602 4289 643 4341 καὶ
661 4288 855 4359 ε’ργατικώτεραι
874 4289 914 4339 καὶ
932 4289 1125 4357 χαλεπώτεραι.
1189 4292 1257 4342 uati

109 4361 194 4421 quod
211 4360 287 4411 feeit
305 4357 351 4411 ‘as
373 4357 394 4411 it
413 4358 522 4412 treated
543 4360 591 4412 the
614 4360 692 4413 seer!
730 4359 772 4414 Cf.
793 4371 851 4427 574.
890 4357 946 4411 Hic
967 4357 1078 4412 datiuus
1098 4357 1258 4413 rarissimus

109 4427 211 4482 dicitur
225 4431 353 4497 Dr'agero
367 4427 442 4482 Hist.
457 4430 536 4498 Synt.
550 4429 565 4483 i.
579 4447 607 4498 p.
620 4442 677 4498 519,
691 4429 738 4498 qui
752 4428 819 4483 citat
833 4431 897 4482 Ter.
909 4428 998 4496 Andr.
1012 4428 1029 4483 i.
1043 4444 1064 4484 1.
1079 4430 1120 4498 85,
1136 4428 1193 4484 Cic.
1207 4447 1259 4498 pro

110 4500 192 4558 Caec.
207 4497 243 4554 xi.
257 4514 300 4567 30.
353 4503 481 4554 Aehaeo
494 4500 555 4570 quis
568 4500 659 4570 fuerit,
674 4500 820 4556 incertum.
859 4498 1035 4554 scholiastae
1048 4510 1163 4570 poetam
1176 4500 1259 4557 huius
