3038 4988
533 387 881 449 COMMENTARIVS.
1225 395 1278 448 121

129 556 160 599 ut
174 544 202 598 in
215 556 283 599 noto
297 544 344 598 illo
357 545 384 598 Α
389 546 416 598 11
427 550 454 598 te
465 544 591 607 Aeacida
603 547 744 598 Romanos
757 546 867 598 uincere
874 548 956 614 posse
968 545 1004 598 de
1019 544 1115 600 Diuin.
1128 545 1154 599 ii.
1168 546 1208 614 56.
1222 546 1279 615 116,

128 619 162 670 cs.
178 617 231 670 Off.
246 616 263 670 i.
280 632 318 671 12.
333 618 366 683 38
380 616 489 686 Pyrrhi
505 617 616 685 quidem
633 617 666 669 de
681 617 805 682 captiuis
823 617 970 670 reddendis
987 617 1040 670 illa
1053 618 1206 687 praeclara
1220 619 1281 671 Nec

128 689 170 739 ini
186 704 291 740 aurum
308 692 392 756 posco
410 704 460 740 nec
476 689 519 739 mi’
530 689 658 770 pretium
677 687 810 740 dederitis
828 690 902 740 κ...τλ
922 688 1039 756 Regalis
1059 705 1126 740 sane
1146 694 1174 741 et
1190 689 1280 758 digna

126 758 319 812 Aeacidarum
328 775 429 827 genere
440 759 584 810 sententia
622 761 734 811 11111111
746 761 893 811 morrone
906 761 1034 812 adactis.
1073 758 1171 827 Populi
1185 760 1279 827 credo,

127 828 174 897 qui
190 837 263 881 teste
278 828 386 881 Iustino
400 837 598 881 concurrerunt
612 829 649 880 ad
662 845 762 881 necem
778 828 959 882 Laodamiae.
998 831 1178 898 Quamquam
1191 829 1279 883 ethic

127 909 155 951 et
174 899 332 966 Polyaenus
350 915 545 967 percussorem
564 897 702 951 Milonem
721 898 836 952 addunt
876 899 1279 968 Ρο]γ1111,11111.51Δηί’δάμεια

126 968 232 1038 Hippou
245 968 376 1038 θυγάτηρ’
379 969 529 1055 Δμβρακίον
542 969 745 1056 καταλαβομένη,
753 971 897 1038 τιμωρῆσαι
910 970 1072 1061 Πτολεμαίῳ
1077 969 1279 1039 δολοφονίηθεντι

126 1039 294 1109 προελομένη,
305 1037 554 1129 πρεσβευσαμένων’
557 1041 748 1109 Ηπειρωτῶν
723 1062 766 1092 του
775 1042 891 1108 πόλεμον
903 1039 1072 1094 κατέθετο’
1033 1063 1075 1094 επι
1084 1043 1120 1111 τῷ
1130 1042 1175 1094 τὸν
1184 1043 1279 1107 κλῆρον

127 1111 222 1164 καὶτὰς
234 1112 308 1176 τιμὰς
320 1116 371 1163 τῶν
383 1112 517 1180 προγόνων
530 1111 607 1178 ἔχειν.
624 1130 664 1161 και
655 1110 839 1173 λαβοῦσα
810 1132 910 1165 πιστε11
919 1110 1075 1179 ἐξηπατήθη·
1093 1112 1278 1180 συνταξάμενοι

115 1181 176 1250 ’γὰρ
188 1186 239 1233 τῶν
247 1178 412 1249 Ηπειρωτῶν
420 1202 485 1235 τινες
495 1181 655 1268 Νέστορα
624 1202 675 1233 των
682 1179 856 1250 Ἀλεξάνδρου
866 1181 1120 1250 σωματοφυλάκων’
1106 1182 1278 1251 αναιρὴσοντα

125 1251 204 1336 ρῦτίην
216 1251 389 1320 εἶσέπεμψαν.
417 1254 431 1303 6
450 1251 520 1304 δὲ’
490 1273 557 1304 rara
569 1250 700 1305 νεύσασαν
717 1251 844 1307 αἰδεσθεὶς
862 1253 902 1304 καὶ
919 1255 1091 1322 καταπλαγεὶς
1106 1252 1279 1340 ἀνέστρεψεν.

125 1317 159 1373 ‘H
174 1321 201 1373 δέ
215 1323 383 1406 κατέφυγεν’
371 1345 397 1377 ες
408 1323 460 1375 rd‘
451 1324 519 1386 ιερὸν
530 1324 575 1389 τῆς
587 1320 730 1391 Ἡγεμόνης
741 1321 898 1391 Ἀρτέμιδος·
924 1323 1017 1412 MMau
1029 1322 1096 1375 δὲ
1070 1323 1152 1376 αιτίον
1164 1324 1232 1412 ἔχων
1244 1325 1278 1379 ὡς

125 1392 170 1459 τὴν
182 1393 260 1445 αὑτοῦ
272 1390 369 1481 μητέρα
385 1393 563 1462 Φιλωτέρον’
549 1393 705 1458 αποκτείνος,
718 1393 837 1462 ὥρμησεν
849 1392 888 1445 ἐπ’
902 1393 980 1460 αὐτὴν
992 1389 1164 1462 ὡπλισμένος.
1200 1393 1235 1446 ‘H
1250 1395 1278 1448 δε

124 1462 274 1530 ἀνεβόησεν·
292 1461 322 1515 ‘0
334 1464 540 1533 μητρυφοντης
527 1485 569 1516 sni
560 1464 654 1533 φόνῳ
666 1485 782 1531 προσσει
793 1466 884 1533 φονον
911 1467 993 1517 Τοῦτο
1005 1485 1084 1532 μονον
1096 1486 1173 1532 aaran
1185 1464 1278 1532 εκβοη

125 1555 212 1587 σασαν
237 1536 250 1585 6
273 1534 400 1587 Μίλων’
386 1534 530 1587 απέκτεινεν
552 1535 578 1586 ἐν
602 1534 638 1604 τῷ
662 1534 759 1599 τεμένει
781 1556 826 1600 τη1
847 1534 915 1587 θεοῦ.
1071 1537 1276 1591 1306001611.

127 1604 203 1657 Hinc
220 1604 354 1674 colligunt
373 1604 582 1658 Laodamiam
575 1622 603 1657 m
623 1586 729 1673 templo
750 1604 868 1672 CereriS,
885 1622 943 1657 non
961 1604 1081 1673 Dianae,
1100 1604 1276 1660 interfectam

126 1675 261 1729 Ouidium
274 1686 408 1745 putasse:
434 1678 634 1730 dissimulare
649 1675 686 1728 ad
700 1675 845 1728 Eleusinia
862 1675 992 1743 referunt,
1006 1693 1078 1744 quae
1095 1693 1159 1729 cum
1173 1694 1277 1732 arcana

124 1756 153 1800 et
172 1747 282 1800 occulta
299 1756 402 1814 essent,
416 1747 498 1815 longe
518 1746 661 1800 distabant
681 1747 717 1800 ab
736 1745 791 1799 isto
806 1746 913 1800 nefario
926 1745 980 1799 ritu
997 1756 1112 1815 propter
1130 1747 1276 1801 infamiam

124 1816 296 1886 patrantium
305 1816 407 1871 celebri
418 1834 452 1870 ac
463 1818 585 1885 uulgato,
598 1816 649 1885 (sic
661 1816 835 1883 Merkelius),
846 1827 893 1870 aut
904 1816 941 1870 ad
951 1827 1071 1870 mortem
1083 1817 1180 1886 Pyrrhi
1191 1818 1276 1886 Argis

125 1904 210 1956 quam
229 1887 291 1956 ipsa
311 1890 396 1942 Ceres
416 1888 468 1941 sub
487 1905 557 1941 anus
576 1889 667 1941 latens
690 1887 784 1956 specie
807 1888 975 1941 credebatur
993 1887 1122 1943 effecisse
1142 1888 1235 1956 (Paus.
1257 1890 1273 1944 i.

127 1973 165 2026 13.
181 1971 204 2026 7,
225 1959 266 2011 sic
287 1960 382 2013 Const.
404 1957 563 2026 Fanensis).
603 1957 686 2027 Atqui
705 1957 774 2011 satis
794 1958 900 2012 sactum
919 1957 971 2011 erit
991 1957 1121 2028 disticho,
1141 1959 1164 2012 si
1184 1960 1275 2028 fingas

125 2030 257 2083 Cererem
270 2029 414 2083 inductam
427 2046 490 2082 esse
503 2046 560 2082 non
574 2029 650 2098 quod
663 2028 692 2081 in
704 2028 765 2082 eius
778 2029 885 2098 templo
898 2039 1000 2082 necata
1014 2029 1170 2083 Laodamia
1182 2031 1273 2099 fuerit,

124 2100 175 2152 sed
188 2110 333 2169 tamquam
347 2101 418 2154 irata
432 2101 546 2168 Pyrrho,
561 2100 607 2168 qui
623 2099 807 2168 Proserpinae
820 2101 956 2169 templum
975 2099 1130 2154 uiolauerat
1144 2100 1274 2169 (Dionys

123 2171 188 2224 Ant.
208 2172 290 2224 Rom.
310 2173 378 2224 Exc.
392 2170 440 2224 lib.
454 2190 495 2224 xx.
511 2186 527 2239 9
548 2170 702 2238 Kiessling)
723 2187 779 2223 non
799 2170 892 2239 ipsum
911 2171 1002 2223 solum
1021 2188 1073 2224 sua
1088 2188 1173 2224 manu
1189 2171 1276 2225 inter-

123 2241 227 2308 fecerit,
242 2242 293 2295 sed
306 2242 392 2295 filiam
405 2258 516 2310 quoque
533 2240 593 2294 eius
612 2240 640 2294 in
657 2241 763 2309 templo
776 2240 893 2294 deorum
906 2241 1117 2309 percussoribus
1133 2240 1276 2297 obiecerit.

123 2282 288 2366 811111111’
266 2318 399 2381 saponariis
415 2322 445 2366 ut
465 2314 506 2366 M
518 2311 574 2365 xiii.
587 2312 641 2377 460
659 2312 774 2365 allatum
793 2329 810 2365 a
830 2311 977 2364 Merkelio.
1023 2312 1136 2365 Scilicet
1151 2318 1203 2365 aut
1221 2314 1278 2366 ulli

122 2400 230 2436 seruire
241 2384 385 2464 Polyxena
402 2383 510 2451 uellem,
522 2383 588 2436 Ant
601 2387 655 2451 per
669 2383 726 2435 tale
742 2399 872 2435 sacrum
887 2399 991 2435 numen
1005 2383 1157 2452 placabitis
1174 2384 1272 2437 ullum.

123 2454 182 2515 Sed
195 2471 259 2507 cum
272 2454 318 2506 uix
331 2454 399 2507 satis
413 2453 453 2506 sic
467 2453 562 2507 omnia
575 2452 725 2522 expediant
726 2470 766 2521 ur,
777 2452 881 2506 aliam
875 2453 1134 2522 interpretationem
1144 2464 1276 2523 quattuor

122 2540 254 2578 uersuum
263 2537 332 2592 305
333 2525 399 2593 308
393 2542 421 2577 m
430 2526 557 2577 Excursu
565 2541 708 2605 proposui
742 2527 811 2579 307.
823 2540 921 2588 nepos
929 2524 1165 2593 Pyrrhus,Pyrrh1
1175 2525 1274 2594 Magni

122 2612 156 2648 ex
181 2595 238 2648 filio
258 2596 421 2654 Alexandro.
444 2605 472 2649 et
497 2595 554 2648 filia
577 2594 747 2675 Olympiade
772 2611 869 2663 nepoS,
891 2594 937 2664 qui
963 2612 1028 2648 cum
1047 2594 1162 2664 Tigride
1182 2597 1275 2651 amica

122 2682 174 2719 sua
186 2683 297 2720 ueneno
310 2666 448 2720 extinctus
461 2683 511 2736 per
524 2665 725 2758 Olympiadem
738 2667 890 2719 creditura
904 2665 1065 2734 Saluagnio.
1095 2667 1198 2756 Athen.
1215 2668 1273 2735 589

121 2735 234 2822 Hippou
245 2741 292 2790 τοῦ
310 2735 474 2805 Ἠπειρωτῶν
493 2735 661 2800 βασιλέως,Δ
648 2758 678 2824 ps
695 2734 726 2803 ἢν
743 2737 829 2804 τρίτος
847 2735 897 2789 ἀπὸ
916 2735 1022 2805 Πὺῤῥου
1040 2740 1086 2789 τοῦ
1105 2735 1145 2790 ἐπ’
1163 2735 1274 2790 Ἰταλίαν

122 2805 337 2875 emancipatam,
358 2806 469 2897 ε’ρωμενη
488 2805 519 2874 ἦν
536 2806 655 2876 Τίγρις(
643 2829 658 2873 η
677 2805 843 2859 Λευκαδία·
831 2828 861 2873 ην
877 2805 1052 2872 'Ohvpnids‘
1040 2829 1054 2873 η
1074 2810 1120 2859 τοῦ
1140 2807 1274 2860 νεανίσκου

121 2876 221 2959 μήτηρ
219 2877 412 2946 φαρμάκοις’
397 2879 536 2932 απέκτεινε.
574 2879 711 2946 Pyrrhum
736 2877 885 2930 immature
911 2877 1015 2930 obiisse
1041 2876 1124 2930 docet
1148 2877 1272 2931 Iustinus

121 2947 213 3002 xxviii
238 2964 253 3015 3
275 2950 339 3002 Iam
366 2949 512 3018 Olympias
527 2949 604 3018 filiis
628 2964 716 3018 regna
738 2948 903 3015 tradiderat,
924 2954 951 3002 11
974 2949 1117 3001 inlocum
1137 2948 1272 3017 Pyrrhi,

111 3019 245 3088 fratris
256 3021 408 3088 defuncti
418 3021 595 3073 Ptolemaeus
606 3024 772 3071 successerat
772 3028 853 3086 ,post
866 3034 938 3098 quae
952 3016 1047 3072 statim
1057 3027 1152 3072 narrat
1141 3020 1272 3072 t·Laoda

121 3090 195 3144 miae
219 3090 410 3158 (Deidamiae)
431 3090 556 3156 caedem,
577 3099 607 3142 ut
629 3090 700 3142 haec
719 3107 753 3142 ex
771 3089 914 3141 communi
936 3088 1013 3142 fonte
1038 3088 1167 3168 uideatur
1187 3099 1272 3158 atque

122 3161 242 3214 Ouidius
259 3161 380 3215 duxisse.
425 3164 502 3214 dieti
521 3164 614 3214 modo
631 3163 715 3224 regis
729 3158 827 3228 Pyrrhi
843 3159 950 3227 Magni,
964 3159 1001 3212 ad
1018 3158 1144 3228 proxime
1157 3176 1271 3228 praece·

121 3231 218 3286 dentia
229 3232 407 3286 referendum
420 3242 489 3286 utu.
505 3244 565 3299 557·
708 3233 778 3284 308.
798 3233 1034 3297 Cantharidum,
1048 3246 1121 3298 quae
1134 3240 1271 3284 uocantur

120 3303 257 3368 θανάσιμοι
272 3320 290 3356 a
305 3303 455 3356 Plutarcho
469 3302 504 3355 de
517 3301 590 3356 Aud.
606 3303 683 3355 Poet.
699 3313 722 3369 5.
761 3301 952 3371 Cantharidas
963 3303 1113 3370 sumpsisse
1125 3301 1161 3354 de
1180 3312 1270 3356 semet

120 3383 279 3427 uenenante
299 3372 356 3427 Cic.
373 3376 451 3426 Fam.
466 3372 501 3426 ix
515 3388 557 3427 21.
571 3387 595 3439 3.
634 3372 828 3425 Thessalidum
847 3372 923 3440 quod
941 3372 1047 3425 habent
1066 3370 1112 3424 alii
1131 3372 1212 3425 codd.
1233 3372 1270 3425 ad

120 3460 218 3512 magas
229 3461 278 3497 seu
287 3445 492 3524 φαρμακευτρίας
501 3445 626 3497 refertur.
687 3445 757 3510 309,
769 3446 833 3497 310.
848 3442 1007 3496 Scholiasta
1018 3442 1052 3495 de
1062 3443 1193 3496 Leucone
1203 3459 1269 3510 rege

121 3515 238 3568 Pontico
251 3514 389 3583 intelligit,
402 3513 449 3584 qui
463 3531 527 3567 cum
546 3515 703 3582 Spartacon
716 3484 831 3567 1111111111
848 3513 1007 3580 occidisset,
1021 3514 1066 3566 uel
1079 3530 1195 3566 uxorem
1208 3513 1269 3568 eius

120 3601 228 3653 amans,
242 3586 287 3638 uel
300 3585 376 3655 quod
392 3602 506 3638 uxorem
523 3602 603 3638 suam
621 3584 644 3638 is
657 3594 774 3653 peteret,
788 3584 848 3653 ipse
865 3584 901 3637 ab
919 3585 973 3637 hac
991 3583 1100 3636 occisus
1114 3583 1167 3638 sit:
1193 3585 1269 3638 unde

119 3659 173 3736 pia
193 3626 337 3710 adultera
357 3655 465 3709 dicitur.
505 3656 562 3709 Sed
580 3655 650 3709 nihil
668 3655 829 3708 huiusmodi
848 3654 982 3708 traditum
1001 3664 1044 3708 est
1062 3654 1098 3708 de
1119 3656 1268 3709 Leucone:

119 3726 213 3796 itaque
230 3727 358 3808 suspicor
372 3726 522 3795 significari
542 3728 703 3780 Leuconem
720 3725 798 3779 illum
817 3743 901 3795 quem
919 3735 1009 3779 mater
1026 3725 1182 3794 Themisto,
1200 3744 1269 3779 uxor

118 3798 309 3865 Athamantis,
329 3814 380 3866 per
401 3813 523 3851 errorem
543 3796 655 3853 occidit.
798 3799 867 3851 309.
885 3799 947 3860 pia
985 3795 1095 3864 Allusit,
1117 3767 1210 3864 credo,
1231 3798 1269 3851 ad

118 3884 223 3921 nomen
237 3868 366 3922 Themist
355 3867 437 3922 tonis,
477 3869 554 3920 Nam
566 3885 601 3922 ea
619 3867 685 3922 fecit
704 3868 819 3959 quidem
832 3867 971 3935 ἀθέμιστον
983 3865 1100 3934 facinus,
1114 3867 1182 3920 dum
1196 3838 1268 3922 111101

118 3955 184 3992 suos
210 3938 322 4006 occidit,
348 3949 375 3993 et
400 3947 496 3992 tamen
522 3939 566 3990 οὐκ
593 3938 729 4020 ἀθεμίστια
752 3937 801 4006 ηδη
828 3955 900 4023 quae
925 3937 1089 4018 imprudens
1117 3937 1344 3992 occideret..

117 4012 262 4063 adintera
281 4009 428 4063 Themiso
448 4008 556 4077 dicitur,
572 4009 638 4078 quia
657 4008 732 4078 prior
751 4009 852 4063 coniu'x
868 4007 1049 4062 Athamantis
1071 4010 1122 4060 lno
1141 4009 1268 4061 nondum

117 4089 229 4134 mortua
253 4090 313 4161 erat
338 4097 402 4133 cum
427 4079 451 4133 is
477 4051 691 4134 Themistonem
716 4081 841 4133 duxerat.
887 4079 1005 4132 Videtur
1029 4078 1076 4131 hic
1101 4078 1268 4146 Euripidem

117 4160 239 4218 secutus,
257 4150 285 4203 in
305 4153 394 4204 Inone
410 4150 573 4218 tragoedia.
600 4150 678 4203 cuius
697 4160 894 4219 argumentum
913 4149 954 4202 sic
973 4158 1084 4202 enarrat
1104 4148 1269 4216 Hyginus4

116 4221 144 4274 A
148 4220 282 4273 thamas
269 4238 300 4274 in
314 4221 458 4274 Thessalia
466 4237 586 4274 reiccum
595 4221 711 4274 Inonem
721 4238 844 4287 uxorem,
854 4237 952 4288 exqua
961 4220 1032 4272 duos
1037 4220 1113 4284 filios
1124 4217 1268 4287 [procrea

117 4291 220 4375 uerat],
226 4293 334 4361 perisse
338 4296 463 4361 putaret
468 4292 554 4344 dnicit
561 4292 710 4362 Nymphae
708 4293 806 4363 filiam
821 4291 1022 4344 Themistonem
1032 4306 1148 4341 uxorein
1157 4294 1184 4341 et
1192 4307 1268 4342 exea

111 4364 241 4432 geminos
250 4363 332 4432 fili'os
345 4364 515 4432 procreauit.
553 4363 653 4415 Postea
671 4364 765 4416 resciit
776 4359 923 4415 Inonem
909 4378 940 4414 in
958 4361 1101 4413 Parnasso
1119 4377 1182 4427 1111,
1197 4377 1269 4428 quae

116 4432 304 4486 bacchationi’s
315 4450 414 4487 caussa
425 4450 455 4486 eo
469 4427 907 4503 ,11111εηί1111),111111111111111
920 4448 981 4484 carn
993 4430 1168 4498 adducerent,
1182 4448 1267 4499 quain

118 4503 269 4557 adductam
290 4505 401 4557 celauit.
438 4505 543 4558 Resci'it
563 4506 591 4558 T
587 4504 703 4558 hemisto
720 4522 781 4558 eam
801 4507 947 4557 inuentam
967 4519 1029 4569 esse,
1048 4502 1098 4555 sed
1113 4519 1184 4570 quae
1202 4509 1271 4556 esset
