3126 4980
657 381 701 440 IN
731 383 827 441 IBIN.
1257 389 1298 445 53.

142 551 245 618 captus
259 541 297 600 ab
315 539 393 599 Alris
408 539 500 598 noluit
522 538 625 598 redimi
635 559 643 611 ;
671 540 785 616 putauit
803 541 882 604 enim
903 549 986 616 turpe
1008 559 1072 599 esse
1095 541 1118 600 si
1140 540 1296 601 Romanus

143 625 181 681 ab
202 623 286 681 hoste
309 623 504 681 redimeretur.
554 621 703 697 Palpebris
724 622 859 681 abscissis
884 634 1015 681 mortuus
1034 633 1086 694 est,
1102 623 1183 699 quod
1202 625 1297 699 tangit

142 704 293 763 Horatius.
338 702 404 762 Coal.
420 701 583 778 Soluagnz'z'.

153 818 155 821 ·
187 789 253 857 284.
277 784 339 844 Cui
360 784 444 842 nihil
462 784 595 843 Hercei.
638 784 697 842 Pri·
782 787 848 857 284.
883 785 1032 844 Priamum
1066 786 1158 860 tangit
1193 786 1243 863 qui
1278 805 1296 844 a

142 885 242 925 amum
262 867 353 942 tangit
372 885 389 923 a
407 865 510 923 Pirrho
530 883 630 924 coram
647 884 698 924 ara
739 865 849 942 Pyrrho
873 865 993 925 Achillis
1018 867 1086 938 filio,
1112 868 1182 925 dum
1208 886 1295 943 cape·

142 947 224 1006 Iouis
238 947 428 1006 interfectum.
469 946 505 1006 G.
548 947 695 1005 Priamum
737 959 815 1005 retur
836 947 936 1019 Troia,
958 949 1093 1024 quamuis
1117 950 1294 1024 complecte-

141 1029 236 1105 tangit
251 1048 268 1087 a
281 1029 383 1089 Pirrho
398 1028 457 1086 filio
474 1028 595 1087 Achillis
609 1030 695 1086 inter·
736 1040 814 1087 retur
846 1046 927 1087 aram
962 1029 1042 1088 Iouis
1074 1029 1190 1102 Hercei,
1218 1048 1295 1107 quae

143 1110 261 1182 fectum,
283 1111 333 1186 qui
353 1110 423 1168 dum
441 1119 589 1186 caperetur
606 1109 699 1168 Troia
739 1119 800 1168 erat
819 1111 851 1167 in
872 1110 1014 1186 impluuio
1036 1111 1151 1169 aedium
1167 1130 1295 1182 suarum,

143 1191 238 1263 Grais,
254 1191 413 1250 Rhoeteam
430 1209 510 1249 aram
530 1191 609 1250 Iouis
624 1209 698 1267 quae
739 1191 906 1251 interfectus
920 1203 963 1250 est
977 1200 1050 1252 teste
1061 1191 1194 1269 Virgilio.
1225 1192 1297 1254 Cad..

142 1282 203 1332 erat
217 1272 324 1332 Troiae
336 1272 596 1348 complectebatur.
639 1271 673 1331 C.
740 1272 902 1349 Saluaguc'i.

186 1358 253 1427 285.
286 1353 484 1413 Thessalus.
527 1354 619 1412 Ionus
644 1372 696 1412 rex
778 1354 870 1412 Ionus
914 1373 965 1412 rex
1007 1355 1176 1415 Thessaliae
1217 1356 1293 1415 filius

141 1434 311 1495 Thessaliae
327 1436 404 1494 filius
425 1435 522 1498 †Preti
542 1435 616 1494 ultra
631 1453 698 1492 mo·
736 1435 871 1512 †Perpeti
895 1436 1109 1512 Agrimantini†
1134 1439 1207 1496 ultra
1229 1456 1294 1496 mo·

141 1517 213 1575 dum
236 1528 322 1594 potus
344 1518 418 1575 ultra
439 1515 547 1575 Ossam
567 1527 697 1574 montem
739 1516 809 1575 dum
836 1526 924 1592 potus
952 1518 989 1577 de
1018 1517 1095 1576 Ossa
1126 1531 1226 1577 monte
1262 1537 1293 1577 se

141 1599 345 1674 praecipitatus
360 1607 411 1656 est.
455 1595 553 1656 *Vnde
570 1596 697 1656 Gallus:
738 1598 944 1674 praecipitauit.
974 1596 1071 1656 *Vnde
1085 1599 1201 1658 Gallus:
1221 1601 1293 1658 Vina

148 1679 314 1756 Ve'naprobo
333 1681 439 1754 sipoto
459 1680 542 1749 enode,
557 1678 698 1755 delentque
734 1679 818 1755 prole
833 1684 906 1738 κ.τ.λ.
946 1679 973 1739 C
985 1688 1012 1738 el
1024 1682 1079 1738 cod.
1095 1680 1255 1759 Saluagm'c'.

136 1762 262 1836 probari.
305 1760 345 1819 Si
361 1780 416 1818 nen
432 1767 499 1835 pola
523 1761 605 1832 mode,
627 1765 698 1818 uena
781 1761 872 1819 Ionus
909 1779 961 1819 rex
996 1761 1167 1821 Thessaliae
1206 1763 1292 1821 nimis
1343 1773 1345 1775 '

139 1860 241 1900 uenena
259 1846 336 1918 pule.
379 1841 484 1917 Nempe
508 1842 593 1900 nemis
612 1849 694 1917 polus
733 1841 890 1901 inebriatus
901 1860 937 1901 se
951 1842 1081 1902 deOssa
1095 1854 1195 1903 monte
1209 1863 1292 1920 prae-

138 1942 166 1980 se
193 1924 395 1998 praecipitanti
432 1922 528 1994 Ianus,
572 1921 695 1998 Vanaque
735 1923 872 1998 cipitauit.
888 1922 1011 1982 Ouidius
1022 1925 1056 1982 in
1071 1925 1138 1983 Ibin
1153 1969 1160 1983 .
1176 1969 1183 1984 .
1199 1970 1205 1984 .
1221 1927 1296 1984 item

133 2011 201 2081 peta
214 2006 299 2062 nz'enis
313 2005 489 2080 causasuere
503 2003 600 2063 neces*
647 2003 683 2063 G.
736 2003 877 2063 *Galluss
899 2005 1066 2080 Vz'naprobe
1081 2010 1155 2064 κ.τ.λ.
1193 2006 1294 2066 Mure.

182 2090 249 2159 287.
279 2086 345 2145 Aut
375 2085 471 2144 uelut
502 2085 694 2161 Eurylochi.
775 2082 954 2167 [*Euribous
977 2085 1127 2165 (Henolus
1150 2086 1195 2166 C)
1225 2089 1292 2147 Ioni

139 2164 327 2227 *Eurilochus
351 2167 418 2225 Ioni
447 2166 589 2242 praedicti
616 2166 694 2225 tilius
735 2167 809 2227 filius
823 2167 892 2243 quia
902 2167 994 2225 liliam
1016 2178 1147 2244 stuprare
1162 2170 1257 2228 uoluit
1275 2189 1295 2229 a

135 2247 226 2306 filiam
236 2267 319 2308 suam
330 2249 421 2307 uoluit
432 2266 626 2325 cormmpere,
636 2266 695 2324 qua
737 2247 1185 2331 serpentibusestconsumptus.]
1203 2252 1296 2327 *quod

135 2329 173 2388 de
195 2348 283 2388 causa
304 2349 321 2388 a
337 2330 519 2406 serpentibus
538 2330 695 2388 deuoratus
735 2333 828 2407 tangil
846 2329 969 2389 Gallus:
991 2329 1103 2388 Ianc'des
1117 2338 1192 2392 aul.
1228 2332 1294 2392 Cel

136 2419 188 2470 est.
232 2411 412 2472 *Vndce'dem
430 2410 553 2470 Gallus:
583 2411 694 2470 Jonzaes
734 2412 804 2472 Asc.

136 2494 182 2550 uti
202 2495 312 2569 cupiens
326 2504 384 2568 pro
405 2494 519 2570 coniuge
540 2499 615 2565 nala,
645 2493 691 2550 Vi·
773 2493 906 2553 Ericlous
936 2493 987 2553 uel
1018 2494 1172 2555 Eurilocus
1207 2495 1292 2554 Ionis

136 2592 203 2632 nun
238 2594 323 2633 causa
347 2576 423 2654 suit,
457 2574 598 2653 anguibus
631 2593 692 2634 esca
733 2575 808 2635 filius
827 2586 908 2652 patre
928 2594 998 2635 sene
1017 2577 1208 2654 praecipitato
1225 2595 1293 2654 reg-

136 2656 251 2716 dalur.*
291 2654 333 2716 G.
734 2676 806 2716 num
819 2658 977 2733 usurpauit.
993 2658 1043 2734 qui
1057 2659 1146 2717 etiam
1167 2659 1290 2717 nimium
1386 2705 1388 2710 .

734 2749 821 2815 potus
835 2739 924 2796 filiam
939 2757 1022 2797 suam
1037 2741 1129 2798 uoluit
1143 2750 1272 2816 stuprare
1280 2760 1294 2813 ;’

734 2820 813 2898 unde
825 2822 863 2878 ab
872 2839 966 2897 angue
977 2823 1165 2897 suggestione
1175 2822 1288 2880 Dianae

735 2919 810 2978 quae
830 2911 873 2959 est
889 2903 944 2960 dea
957 2902 1114 2978 pudicitiae
1130 2903 1287 2963 deuoratus

735 2992 788 3042 est.
831 2980 929 3041 Mure.

136 3087 256 3155 Regulus
268 3092 363 3156 captus
381 3087 416 3140 ab
428 3087 573 3141 hannibale
588 3086 674 3140 fratre
692 3086 821 3156 Syphacis
838 3103 903 3154 rege
921 3093 1051 3154 cartagefr
1069 3088 1166 3141 nolens
1184 3089 1287 3142 redemi

135 3175 152 3212 a
165 3159 297 3212 Romanis
308 3160 407 3211 timens
415 3159 489 3228 quod
502 3160 551 3226 ipsi
560 3159 663 3211 fierent
675 3159 759 3225 magis
771 3157 861 3223 ignaui
874 3158 1010 3226 palpebris
1022 3160 1139 3212 exsectis
1151 3165 1181 3212 et
1190 3159 1288 3212 excisis

134 3236 260 3282 mortuus
273 3236 330 3282 est:
348 3241 372 3282 et
385 3232 408 3284 C
485 3229 584 3282 Paulus
598 3229 739 3281 Romanus
751 3229 846 3281 consul
858 3229 892 3281 ab
905 3229 1010 3281 anibale
1023 3235 1127 3296 captus,
1140 3230 1174 3281 ab
1187 3231 1287 3282 eodem

135 3301 231 3353 missus
241 3306 283 3353 est
292 3300 410 3353 Romam
421 3306 451 3352 ut
464 3301 491 3352 in
502 3300 629 3367 capitolio
639 3315 715 3352 suam
729 3299 1098 3368 quereret'redemptionem.
1118 3301 1164 3369 qui
1174 3302 1288 3354 ueniens

136 3386 243 3423 romam
261 3386 313 3423 nec
330 3370 428 3424 redimi
443 3369 536 3439 (rediri
550 3369 584 3438 G)
599 3370 694 3425 uolens
711 3370 812 3423 dicitur
830 3369 900 3423 hanc
918 3371 946 3422 in
965 3370 1094 3438 capitolio
1111 3371 1287 3424 confirmasse

135 3442 311 3508 sententiam,
322 3441 464 3494 Romanus
476 3447 523 3494 aut
536 3441 629 3494 uincat
642 3442 670 3492 in
683 3440 756 3493 bello
768 3447 816 3493 aut
828 3440 970 3493 moriatur.
997 3447 1092 3508 postea
1103 3442 1138 3494 ad
1151 3443 1287 3495 anibalem

135 3518 278 3564 reuertens
306 3512 440 3580 palpebris
467 3512 578 3564 abscisis
611 3511 749 3564 continuis
781 3511 906 3565 creditur
929 3511 1064 3565 interiisse
1093 3513 1199 3579 uigiliis.
1248 3513 1287 3566 sic

135 3582 170 3634 ab
182 3583 271 3634 oratio
280 3583 413 3649 tangitur.
456 3581 515 3636 Non
527 3593 600 3636 extat
612 3585 638 3635 in
652 3585 683 3648 G,
697 3584 740 3635 ubi
752 3593 837 3636 tamen
849 3583 886 3636 ad
899 3583 1017 3650 puniceo
1034 3587 1231 3653 superscriptum
1249 3596 1287 3638 est

134 3651 287 3706 hannibale.
324 3653 436 3706 Scholion
454 3655 527 3721 quale
543 3655 571 3706 in
584 3655 648 3706 Ask.
666 3664 747 3719 extat,
759 3656 795 3705 sic
806 3655 867 3720 sm
877 3653 964 3719 fuisse
980 3656 1007 3707 in
1020 3655 1141 3708 Beruensi
1158 3656 1209 3708 cod.
1225 3670 1287 3720 711,

134 3725 184 3779 nisi
195 3723 261 3791 quod
270 3726 297 3777 in
309 3725 353 3776 hee
365 3726 476 3779 aberant
488 3726 566 3778 uerba
580 3724 621 3777 M.
634 3724 732 3776 Atilius
744 3724 880 3778 Merkelius
892 3727 919 3778 in
930 3726 1038 3794 epistula
1050 3726 1137 3779 adme
1148 3737 1268 3781 testatur.

172 3799 232 3859 284.
250 3794 388 3848 Merkelius
405 3796 508 3864 Proleg.
522 3796 609 3864 Apoll.
620 3796 703 3847 Rhod.
720 3810 747 3862 p.
759 3795 815 3847 xxii
834 3797 898 3848 citat
918 3815 950 3848 ex
971 3797 1023 3850 cod.
1045 3797 1122 3850 Bern.
1142 3811 1191 3860 711
1215 3808 1291 3850 tam*

134 3883 211 3932 quam
224 3885 242 3918 a
254 3884 281 3918 se
291 3876 393 3918 enotata
406 3866 466 3919 haec
479 3865 603 3934 quamuis
615 3866 828 3933 amplecteretur
845 3881 919 3919 aram
938 3867 1075 3919 rethesam
1093 3882 1163 3935 quae
1181 3873 1241 3921 erat
1258 3869 1286 3920 in

133 3935 205 3986 troia
225 3935 386 3988 interfectus
405 3942 463 3989 est:
488 3937 551 3990 unde
568 3935 653 3990 elicias
672 3937 759 3989 iisdem
771 3938 832 4003 fere
851 3940 931 3990 uersis
952 3939 1060 3991 scholion
1081 3939 1117 3990 ihi
1144 3949 1284 4008 conceptum

130 4007 213 4071 fuisse
224 4016 299 4073 alque
310 4008 336 4058 in
354 4007 406 4058 eod.
419 4007 564 4076 Saluagnii.

172 4081 232 4139 285.
251 4077 369 4129 Historia
381 4088 494 4145 suspecta
541 4077 685 4131 tessalieG
734 4079 877 4131 motemG
924 4077 946 4130 si
958 4083 1066 4146 sumpta
1078 4078 1162 4131 modo
1176 4080 1285 4133 CMure
1292 4098 1296 4143 g

135 4145 162 4196 Si
175 4161 230 4197 non
243 4152 352 4214 sumpta
363 4148 448 4199 modo
461 4148 538 4200 Mure
584 4147 711 4216 Namque
723 4148 803 4201 nimis
815 4149 894 4202 Mure
940 4148 1039 4201 Monte
1052 4148 1166 4202 nimisG
1209 4150 1286 4201 ionas

134 4216 156 4269 G
167 4227 195 4269 ut
207 4216 277 4285 apud
288 4218 369 4271 Schol.
383 4219 482 4271 Lucani
495 4221 537 4271 VI.
551 4236 601 4282 402
666 4219 769 4272 Versum
783 4220 901 4272 ultimum
913 4237 962 4271 om.
975 4219 1051 4271 Mure
1111 4220 1295 4286 agrimantini*

133 4307 182 4341 em.
190 4287 242 4341 eod.
250 4287 322 4342 Salu.
370 4304 500 4356 praeceps
510 4288 590 4342 datus
599 4295 640 4342 est
649 4294 681 4341 ut
694 4289 732 4342 ait
746 4289 837 4342 Gallus
849 4289 901 4342 cad.
910 4290 982 4342 Salu.
1012 4287 1124 4342 Scholion
1137 4291 1224 4342 iisdem
1224 4295 1285 4356 fere
1290 4327 1296 4353 -,

132 4357 215 4410 uerbis
233 4361 355 4427 seriptum
370 4361 450 4424 faisse
467 4363 494 4413 in
512 4360 806 4428 cod.Bcrn.711atque
823 4363 849 4413 in
866 4360 918 4412 cod.
932 4360 1003 4413 Salu.
1016 4369 1125 4413 testatur
1138 4361 1283 4428 Merkelius,

134 4430 177 4498 qui
188 4430 244 4482 inde
255 4433 365 4484 euocauit
377 4430 447 4483 filius
459 4431 565 4498 perpeti
578 4430 714 4499 agriuta(o
723 4430 787 4498 ?)nti
800 4431 827 4482 in
840 4431 919 4484 ultra.

171 4504 230 4562 287.
250 4502 365 4555 Historia
365 4502 466 4571 ficticia
497 4501 665 4556 eurilocusG
700 4502 786 4570 queG
817 4503 861 4554 Ex
873 4503 1289 4568 Bern.711enotaralMerkelinsi

135 4571 260 4638 euryalus
268 4573 326 4626 ioni
338 4572 407 4627 filius
420 4573 484 4643 quia
496 4572 578 4626 liliam
591 4573 709 4643 stuprari
721 4583 745 4626 et
757 4580 821 4626 exta
834 4573 924 4639 datur,
937 4582 1019 4626 cetera
1032 4584 1059 4627 nr
1073 4575 1137 4626 Ask.
