3126 4980
646 386 691 446 IN
713 387 810 447 IBIN.
1266 386 1304 449 ⁷5

155 556 157 560 “
198 549 266 617 418.
289 545 424 621 Quique
441 552 535 603 tenet
549 535 699 620 pontem.
729 544 776 604 Sic
791 555 925 604 construe
941 545 1012 606 Nec
1027 564 1096 606 non
1111 549 1128 606 i.
1144 549 1231 606 etiam
1246 558 1304 606 tua

156 627 295 687 fortuna
316 628 359 685 sit
376 626 440 685 talis
455 626 548 702 qualis
562 625 616 684 fuit
630 625 746 685 fortuna
760 628 815 686 Iri.
858 627 925 699 Qui
947 637 1041 687 tenet
1061 631 1174 704 egentis
1192 640 1220 687 et
1235 630 1303 688 ideo

155 710 322 768 binominis.
368 707 401 767 C.
451 708 493 765 Et
513 717 570 765 tua
591 707 729 766 fortuna
750 726 837 784 quae
862 710 970 767 maior
991 711 1056 768 erit
1077 711 1141 769 tibi
1183 711 1219 768 sit
1239 710 1303 768 talis

155 791 248 867 qualis
267 791 322 849 fuit
340 790 457 848 fortuna
476 788 530 859 Iri,
553 789 610 865 qui
631 799 734 860 tenet,
749 808 803 865 pro
823 792 948 862 tenebat,
964 801 1125 867 pontem:
1155 792 1237 867 quasi
1260 793 1303 850 di-

155 883 242 944 ceret,
257 873 330 932 sicut
343 881 464 947 uterque
478 871 593 929 illorum
608 882 781 930 excaecatus
795 881 840 930 est
855 872 896 929 sic
911 881 940 930 et
955 882 985 930 tu
1001 873 1168 931 excaecaris.
1206 872 1240 932 C.

197 973 265 1030 419.
313 953 421 1012 Filius
474 961 506 1010 et
558 951 704 1011 Cereris.
789 950 956 1012 *Astericus
976 955 1050 1012 filius
1065 952 1177 1012 Cereris
1197 954 1303 1013 frustra

73 1063 75 1067 v
157 1035 312 1094 *Asterion
321 1035 368 1092 uel
377 1034 525 1111 †Egeolus
534 1033 609 1091 filius
619 1032 704 1091 Cere·
747 1036 785 1092 ab
807 1035 970 1097 †Amenica
991 1044 1036 1093 est
1058 1046 1179 1094 amatus.
1223 1035 1302 1114 Nam

155 1117 193 1176 ris
214 1117 318 1174 frustra
340 1127 452 1175 amatus
473 1116 510 1172 ab
532 1115 705 1176 †Alcmineo
748 1115 887 1192 quicquid
911 1115 1038 1175 habebat
1063 1117 1203 1192 expendit
1226 1118 1302 1175 circa

155 1208 207 1256 est.
223 1197 488 1255 *VndeLacrelzila
504 1195 706 1271 CarpuerAs·
747 1198 854 1273 ipsum.
886 1197 1023 1255 Tandem
1039 1200 1078 1256 ob
1093 1199 1156 1256 eius
1171 1216 1303 1256 amorem

155 1281 241 1336 terion
258 1280 402 1337 crudelis)
427 1299 459 1336 ne
469 1279 546 1354 fuge
562 1284 705 1336 amantem.
747 1289 863 1337 mortua
873 1287 925 1336 est.
949 1278 1047 1336 *Vnde
1058 1277 1222 1337 Lucretius:
1239 1278 1303 1338 Car

155 1360 292 1440 Nesuge‚
307 1381 360 1420 non
378 1362 497 1436 equalem
517 1366 558 1417 est
576 1359 707 1435 effugr'en·
742 1370 815 1435 puer
834 1359 977 1418 Astericus
998 1361 1145 1418 crudelis?
1168 1360 1215 1418 Ne
1228 1361 1303 1436 fage

155 1444 207 1500 dus
221 1461 308 1502 amor.
354 1442 475 1502 Crudeli
478 1451 567 1516 puero
581 1441 656 1498 nz'hil
669 1446 711 1498 est
748 1447 891 1498 amantem.
932 1441 1094 1518 lilz'fugias
1112 1442 1192 1500 nilo
1208 1443 1303 1499 maleas

16 1547 35 1564 1
120 1534 121 1537 ’
153 1524 295 1582 crudelius
312 1543 443 1599 unquam.
487 1522 609 1581 Crudeli
619 1532 709 1597 puero
749 1542 803 1580 esse
812 1522 924 1597 poteri*
971 1521 1004 1581 C.

155 1607 200 1662 nil
223 1606 288 1663 nz'lri
303 1608 384 1681 petits
411 1605 488 1663 obesi.
539 1605 587 1662 Vis
611 1621 708 1661 uerum

57 1713 58 1716 ¹
154 1688 271 1744 dz'cam?
288 1687 358 1746 Sum
374 1687 462 1744 milis:
484 1688 596 1765 nesage
610 1704 707 1743 aman-

152 1774 215 1827 tem.
257 1768 307 1827 Ni
314 1769 430 1844 fugias,
444 1770 489 1826 nil
506 1775 530 1825 te
547 1770 708 1826 meliorasse
751 1798 752 1801 =

150 1855 242 1924 potest.
285 1849 409 1908 Seritam
424 1869 477 1907 non
487 1859 561 1925 puer
574 1869 609 1920 es,
620 1862 708 1924 puero

155 1932 200 1988 nil
211 1934 306 1990 millies
319 1951 448 2007 unquam.
488 1930 613 1991 '‘Crudelz'
620 1941 709 2006 puero

150 2014 370 2089 mlmz‘lrz'pa'us
385 2011 479 2072 obest*
526 2012 562 2072 G.

197 2111 265 2169 4²5·
295 2095 407 2172 thue
443 2104 539 2171 pater
574 2094 707 2154 solitae.
790 2096 1302 2158 Erisiclrlhonfamemortuusest:

152 2173 331 2235 Erisiclztlon
339 2176 458 2236 succidit
468 2179 600 2236 arborem
610 2175 708 2235 Cereri
749 2180 798 2256 qui
810 2190 920 2256 quanto
932 2180 1026 2254 magis
1038 2180 1211 2238 comedebat
1221 2190 1303 2239 tanto

153 2257 340 2317 dedicatam:
376 2260 426 2334 qui
458 2268 569 2317 tantam
600 2259 709 2317 samem
749 2262 843 2337 magis
862 2262 1013 2319 esuriebat.
1057 2260 1128 2318 Filia
1149 2279 1219 2320 uero
1241 2262 1304 2320 eius
1368 2283 1372 2291 ¹

151 2357 260 2415 passus
281 2349 325 2398 est
346 2339 427 2416 quod
445 2342 628 2416 consumptis
645 2358 709 2398 om·
750 2361 839 2418 saepe
856 2344 975 2401 uendita
992 2343 1029 2400 ad
1049 2353 1161 2418 patrem
1179 2353 1304 2400 reuerte-

154 2421 240 2479 nibus
251 2421 341 2479 filiam
350 2421 494 2482 uendidit.
529 2421 706 2493 Quaeuari-
746 2425 831 2483 batur
869 2425 967 2502 specie
1001 2434 1119 2482 mutata.
1179 2422 1304 2483 Ouidius
1339 2435 1342 2441 '

154 2504 707 2640 appmmutationefigurarumdominos
749 2506 857 2564 Metaos
874 2505 982 2585 (VIII.
999 2504 1080 2582 738).
1125 2505 1159 2564 C.

148 2602 170 2641 e
194 2585 263 2658 ugit.
309 2584 346 2644 G.

197 2680 264 2739 4127.
293 2666 365 2724 Nec
400 2665 499 2742 dapis
529 2666 706 2727 humanae.
790 2667 977 2745 Menalippus
999 2667 1201 2727 inThebano
1225 2667 1303 2727 belio

155 2745 266 2822 Tangit
289 2765 349 2823 quo
374 2749 459 2806 modo
483 2749 596 2807 Tideus
621 2759 709 2826 caput
750 2749 879 2809 Tideum
920 2751 1045 2826 grauiter
1086 2749 1239 2826 percussit,
1275 2759 1304 2809 et

155 2826 317 2905 Menalippi
338 2830 369 2887 in
384 2829 529 2888 Thebano
546 2831 624 2889 bello
645 2850 708 2891 cor·
750 2831 861 2890 Tideus
882 2850 974 2907 usque
1001 2831 1039 2890 ad
1059 2841 1185 2890 mortem
1208 2827 1302 2912 [eum]

154 2910 233 2968 rosit.
279 2909 315 2969 G.
749 2914 923 2972 uulnerauit:
942 2922 1145 2988 posteaeaput
1159 2913 1221 2971 eius
1236 2912 1305 2971 iecit

191 3095 220 3145 ln
238 3094 278 3145 his
296 3094 392 3146 mirum
411 3104 448 3146 est
467 3094 532 3162 qaod
547 3104 709 3146 excaecatum
728 3096 801 3146 Iram
822 3104 935 3146 narrant
953 3093 1116 3146 Scholiastae.
1152 3094 1224 3148 Num
1242 3094 1307 3160 quod

153 3163 246 3216 Echeto
259 3165 483 3219 tradenduserat?
510 3164 570 3229 (od.
582 3165 686 3216 XVIII.
701 3163 756 3231 85).
793 3165 843 3216 Hic
854 3165 920 3217 enim
933 3162 1040 3233 γλήναις
1051 3165 1088 3216 ἔνι
1101 3163 1199 3232 χάλκεα
1214 3163 1305 3234 κέντρα

154 3233 366 3358 Ἑῖἰβυγατρὸς
380 3237 423 3304 ἑῆς
438 3235 525 3305 Apoll.
537 3236 570 3289 R.
583 3236 630 3288 IV.
643 3251 720 3301 1092,
733 3235 767 3301 cf.
780 3236 884 3302 Hesych.
897 3253 919 3286 s.
928 3255 953 3288 u.
964 3230 1084 3303 Ἔχετος,
1097 3246 1200 3302 eratque
1211 3235 1305 3304 alioqui

153 3323 166 3356 c
237 3324 347 3359 orimus.

190 3381 251 3440 418.
270 3378 417 3443 egentesG
522 3375 669 3428 binominis
688 3376 751 3444 quia
769 3376 971 3444 proconnissis
990 3375 1139 3443 quibusdam
1158 3385 1186 3429 ut
1205 3377 1305 3430 uidetur

121 3482 123 3486 ι
154 3447 291 3499 excecaris
304 3448 333 3501 C.

93 3559 95 3561 .
129 3539 131 3543 ·
190 3535 250 3582 419.
270 3518 387 3571 Historia
395 3517 505 3585 ficticia.
530 3518 641 3586 Egeolus
653 3519 754 3571 uidetur
764 3537 816 3571 esse
828 3515 966 3587 Aegialeus
979 3518 1021 3584 qai
1033 3517 1127 3570 dicitur
1138 3517 1209 3586 apud
1218 3518 1304 3570 Mure.

154 3589 266 3641 Scholion
279 3606 335 3641 cam
348 3588 459 3641 uersibus
472 3590 546 3656 quale
556 3591 583 3640 in
598 3590 621 3642 G
632 3599 670 3642 est
681 3589 769 3641 iisdem
782 3588 864 3642 uerbis
881 3590 976 3657 legitur
987 3590 1065 3641 etiam
1078 3600 1120 3656 ap.
1133 3587 1303 3657 Saluagnium
1325 3652 1327 3655 ι

153 3669 177 3712 et
188 3659 224 3712 ed.
238 3660 327 3712 Paris.
339 3659 383 3712 sed
399 3661 498 3711 omissis
516 3659 559 3711 uel
572 3658 691 3724 Egeolus
763 3660 820 3712 Cur
834 3661 881 3714 GC
950 3661 1019 3711 Cres
1038 3657 1110 3712 Sala.
1122 3669 1146 3711 et
1163 3659 1202 3711 ed.
1214 3661 1304 3713 Paris.
1363 3675 1365 3678 ’

157 3746 169 3780 2
184 3744 277 3781 amaus
289 3731 361 3783 Sala.
374 3741 399 3783 et
414 3731 451 3782 ed.
468 3732 556 3783 Paris.
629 3747 654 3796 5,
667 3733 682 3779 6
698 3741 756 3800 post
768 3745 793 3796 7,
807 3734 821 3782 8
835 3739 907 3783 stant
918 3730 988 3799 apud
999 3730 1069 3782 Sala.
1083 3734 1145 3782 etin
1163 3730 1201 3783 ed.
1214 3732 1303 3783 Paris.

155 3817 169 3864 5
184 3800 219 3851 sis
231 3800 304 3852 mitis
314 3801 385 3853 Sala.
398 3811 422 3853 et
433 3801 470 3854 ed.
483 3804 570 3854 Paris.
609 3803 623 3850 6
637 3797 745 3866 fugeres
757 3802 828 3855 Sala.
840 3811 865 3853 et
875 3802 913 3854 ed.
925 3803 1015 3854 Paris.
1053 3814 1067 3862 7
1082 3815 1134 3853 nec
1147 3800 1219 3853 Sala.
1229 3812 1253 3852 et
1265 3801 1303 3855 ed.

114 3916 115 3919 ,
154 3873 242 3924 Paris.
314 3887 428 3939 usquam
439 3872 512 3924 Sala.
524 3882 548 3924 et
560 3873 596 3925 ed.
607 3875 696 3925 Paris.
768 3872 940 3930 AstericusC
1009 3871 1157 3923 astricusC
1225 3873 1304 3923 Mure

155 3941 230 3994 habet
242 3940 369 3993 Asterion
385 3941 437 3993 fuit
450 3942 519 3994 filius
536 3943 638 3995 cereris
656 3943 732 3996 cuius
747 3941 838 3995 fabula
854 3943 915 3995 talis
934 3947 977 3994 est
989 3942 1105 3994 absirtus
1121 3956 1205 4009 quem
1217 3947 1246 3993 et
1259 3941 1304 3993 alii

155 4011 251 4063 dicunt
267 4012 399 4076 egealium
413 4012 509 4081 (Diod.
522 4013 555 4067 iv.
577 4030 619 4077 45,
641 4030 664 4080 3,
682 4013 740 4065 Cic.
756 4012 790 4066 N.
805 4013 841 4065 D.
860 4013 894 4066 iii.
912 4031 952 4078 19,
966 4016 1009 4078 48,
1023 4012 1119 4064 lustin.
1132 4012 1187 4064 xlii.
1207 4008 1233 4078 3)
1251 4010 1304 4063 fuit

154 4080 223 4134 filius
237 4082 345 4134 Cereris
357 4082 401 4135 uel
416 4083 518 4135 astrion
535 4083 605 4136 iilius
618 4083 727 4136 Cereris
739 4099 821 4151 quem
838 4083 988 4136 almonicus
1003 4081 1119 4134 armauit
1134 4082 1165 4149 (l.
1178 4080 1303 4150 amauit).

157 4152 204 4205 ille
217 4157 310 4204 autem
323 4168 387 4205 eum
399 4153 509 4221 spreuit.
530 4158 554 4206 P
567 4155 603 4206 sic
625 4154 733 4207 Cereris
745 4153 797 4206 fuit
816 4152 884 4206 filius
897 4153 1031 4206 ascutalus
1040 4167 1123 4221 quem
1135 4151 1179 4203 alii
1193 4152 1304 4217 agelebr'r

153 4222 327 4346 lalppegapant
348 4222 394 4291 qui
413 4229 517 4291 quanto
538 4225 598 4292 plus
619 4241 635 4277 a
655 4230 734 4293 patre
754 4223 898 4277 amabatur
918 4229 999 4276 tanto
1017 4223 1076 4291 plus
1093 4229 1202 4291 patrem
1220 4222 1304 4274 hodio

173 4310 282 4346 aea.

191 4381 251 4430 4²5·
271 4364 394 4418 Eristeus
420 4366 443 4418 G
458 4365 576 4431 fortasse
599 4384 632 4418 ex
657 4366 748 4436 glossa
773 4384 861 4420 uersus
890 4382 939 4430 443
966 4366 1007 4418 obi
1031 4364 1188 4433 adscriptum
1208 4365 1305 4430 fuerat
1342 4368 1345 4373 ⁴

155 4437 275 4504 Egisteas
347 4435 470 4490 filiamG
538 4437 679 4490 uenditam
692 4439 721 4492 G.
828 4496 830 4498 ,

191 4520 251 4571 427.
270 4522 326 4576 quo
339 4508 423 4560 mod
478 4505 638 4561 thideumC
696 4507 840 4565 thideusG
907 4504 982 4576 cum]
998 4526 1046 4560 om.
1060 4507 1117 4558 Ask
1192 4505 1303 4576 statius]
