3082 4980
550 369 877 464 snonucoruuun.
1226 389 1284 429 xxv

136 533 237 610 rogetis
258 537 351 589 restat.
393 528 465 588 Erat
484 529 571 605 igitur
585 527 734 587 Labienus
756 546 847 605 egens
860 527 976 587 infamis
996 527 1125 600 odiosus,
1140 529 1239 588 animo
1258 540 1287 589 et

135 613 254 689 ingenio
274 613 379 690 pariter
392 612 534 682 uiolentus,
548 611 665 686 linguae
685 610 759 669 adeo
779 609 926 669 mordacis
939 619 969 668 et
985 611 1120 669 efferatae
1135 621 1166 668 ut
1180 610 1287 669 Rabies

134 704 296 766 uocaretur,
309 704 339 752 et
351 695 450 751 consuo
464 694 539 751 olente
551 693 593 750 uti
608 693 750 751 diceretur
764 710 781 750 a
795 690 915 767 populo.
943 689 1027 749 Haec
1042 693 1142 751 omnia
1155 692 1192 751 de
1202 692 1287 751 Ibide

135 775 246 834 eisdem
267 793 363 852 paene
383 774 464 832 urbis
484 773 570 832 tradit
589 772 719 845 Ouidius,
735 791 764 831 u.
786 792 823 847 29
846 771 975 831 Caleasti
989 775 1041 846 qui
1058 792 1107 844 me,
1123 774 1288 846 uiolente,

136 859 273 928 recentem,
292 876 349 931 229
368 854 543 931 Gutturaque
561 855 710 913 imbuerant
726 856 851 932 infantia
868 854 937 912 lacte
950 855 1083 925 canino,
1099 855 1160 913 Hic
1175 858 1288 929 primus

130 941 219 1014 pueri
234 941 312 996 uenit
330 941 360 996 in
380 956 430 996 ora
449 937 533 995 cibus.
549 937 680 995 Perbibit
698 937 760 993 ende
777 955 843 993 suae
860 936 991 995 rabiem
1010 939 1129 994 nutricis
1148 939 1287 1008 alumnus,
1391 1012 1393 1015 Ι

137 1019 255 1079 Latrat
268 1027 295 1077 et
306 1021 336 1078 in
350 1024 401 1092 toto
415 1018 500 1076 uerba
514 1020 617 1076 canina
626 1020 708 1097 soro.
749 1016 835 1089 Quae
854 1027 950 1075 autem
966 1017 1078 1077 Seneca
1096 1017 1176 1076 addit
1193 1019 1230 1077 de
1244 1020 1288 1076 in-

131 1103 247 1177 geniosa
266 1103 297 1160 in
310 1111 415 1176 poenas
435 1101 601 1171 crudelitate,
617 1117 676 1177 qua
690 1109 744 1174 per
756 1098 880 1157 labieni
894 1102 1018 1157 inimicos
1034 1100 1169 1158 effectum
1191 1109 1236 1158 est
1255 1111 1288 1160 ut

136 1183 275 1242 historiae
295 1183 357 1241 eius
378 1182 616 1253 conburerentur,
635 1177 684 1257 (cf.
707 1180 785 1239 Suet.
808 1179 869 1238 Cal.
891 1178 941 1258 16)
963 1199 1037 1257 quae
1058 1200 1104 1240 res
1125 1182 1156 1239 in
1177 1200 1288 1240 annum

138 1261 696 1342 765111110011110011010(1111οΒ101.
711 1260 745 1321 C.
761 1263 810 1335 56.
827 1259 926 1339 171111
945 1262 1039 1338 potuit
1057 1263 1154 1339 ipsum
1169 1281 1288 1322 carmen

136 1344 229 1405 Ibidis
243 1345 361 1421 oblique
375 1344 556 1420 respexisse3
586 1361 656 1401 nam
676 1352 704 1400 et
724 1352 820 1401 totum
839 1361 958 1402 carmen
973 1344 1004 1401 in
1018 1344 1167 1420 multiplici
1181 1363 1289 1420 genere

137 1444 301 1504 poenarum
315 1435 454 1492 uersatur,
471 1436 500 1484 et
515 1443 589 1502 quae
605 1424 717 1483 Seneca
730 1424 768 1483 de
781 1424 961 1483 redundante
974 1426 1005 1482 in
1020 1424 1141 1483 Labieni
1155 1427 1289 1485 inimicos

138 1507 281 1583 supplicio
300 1507 377 1577 dicit,
392 1505 485 1564 multo
504 1506 600 1564 uerius
620 1505 657 1563 de
675 1506 740 1580 ipso
754 1503 885 1563 Labieno
904 1506 1138 1581 intelligerentur,
1154 1507 1177 1565 si
1196 1507 1290 1565 insec-

138 1588 229 1646 tando
245 1586 384 1659 Ouidium
398 1586 541 1646 effecisset
555 1596 587 1645 ut
599 1588 763 1661 supplr'eeum
777 1587 809 1643 de
821 1587 922 1644 studies
934 1595 1095 1658 sumeretur,
1110 1588 1134 1646 si
1148 1605 1202 1664 pro
1216 1588 1290 1646 uirili

139 1671 281 1745 eugenium
309 1675 414 1747 poetae
438 1671 654 1744 proscripsisset,
680 1668 704 1726 si
731 1667 856 1744 denique
881 1670 912 1724 in
940 1675 1023 1744 caput
1047 1688 1128 1743 suum
1156 1677 1290 1745 regestum

90 1764 95 1772 '
140 1752 294 1809 iustissima
309 1751 438 1827 patiendi
455 1752 513 1807 uice
533 1750 607 1826 quod
622 1747 761 1807 Ouidiano
777 1751 988 1825 excogitauerat
1004 1752 1135 1826 supplr'cio
1155 1752 1218 1827 ipse
1239 1770 1291 1809 ex-

136 1834 242 1907 piasset
262 1851 319 1890 suo.
362 1830 443 1893 Hinc
466 1840 590 1891 tractum
614 1830 747 1888 existimo
772 1830 842 1889 illud
866 1830 915 1888 Di
935 1833 1057 1890 melrusl
1086 1832 1167 1908 quod
1189 1842 1219 1890 et
1243 1851 1289 1909 ap.

140 1911 284 1973 Senecam
299 1923 327 1971 et
341 1913 370 1970 in
380 1913 425 1973 Ib.
436 1933 464 1973 u.
477 1932 513 1987 23
529 1907 632 1988 legitur
643 1911 685 1970 Di
699 1912 829 1983 melius,
842 1931 957 1987 quorum
972 1913 1050 1990 large
1062 1913 1136 1970 milri
1146 1916 1291 1972 maurinus

140 1995 186 2052 ille
204 2002 244 2052 est
260 2000 353 2065 x.r.l.;
380 1997 469 2054 etiam
490 1993 612 2054 fortasse
627 1991 749 2052 Labieni
769 2002 895 2053 mortem
915 1996 1042 2070 respexit
1059 1995 1102 2053 Ib.
1117 2013 1145 2054 u.
1161 2009 1220 2069 519
1237 1995 1290 2053 In·

140 2075 326 2153 elususque
345 2096 432 2135 necem
447 2078 573 2152 potrarz's
589 2082 622 2133 ut
641 2077 687 2133 ille
705 2074 784 2133 Non
804 2075 1022 2152 profecturae
1043 2075 1206 2134 conditor
1226 2076 1290 2134 his-

141 2158 255 2216 toriae.
296 2156 375 2216 Nam
389 2168 418 2217 et
427 2157 618 2217 Callisthenes
633 2167 662 2215 et
673 2157 821 2216 Labienus
831 2157 964 2217 historias
979 2157 1160 2234 scripserant,
1169 2167 1290 2234 uterque

140 2238 269 2298 inclusus
283 2239 374 2314 periit,
391 2258 482 2299 cauea
496 2240 550 2311 ille,
565 2239 612 2298 hic
626 2239 791 2315 sepulchro·
1266 2276 1273 2289 ·

182 2319 220 2378 T.
235 2321 399 2379 Labienum
418 2321 448 2378 in
463 2320 562 2378 Africa
581 2330 682 2379 natum
703 2338 766 2379 esse
786 2338 965 2397 quamquam
983 2338 1073 2379 nemo
1092 2320 1215 2393 tradidit,
1230 2339 1291 2380 non

139 2420 178 2461 011
201 2419 238 2460 eo
263 2402 295 2460 fit
316 2401 508 2479 improbabile
532 2402 613 2479 quod
635 2402 704 2460 dicit
726 2401 920 2474 Quintilianus
941 2402 958 2460 i.
982 2416 1008 2476 5.
1032 2415 1048 2477 7
1071 2401 1291 2461 Barbarismum

134 2483 270 2560 pluribus
283 2485 370 2542 modes
387 2485 544 2560 accipimus,
559 2503 645 2542 uuum
655 2491 742 2558 gente,
756 2485 837 2559 quale
854 2491 900 2550 est,
916 2485 1019 2559 siquis
1032 2483 1141 2563 Afrum
1160 2486 1206 2543 uel
1216 2484 1291 2543 His·

136 2575 244 2640 panum
258 2564 381 2623 Latinae
396 2567 520 2624 orationi
535 2584 628 2623 nornen
642 2568 762 2623 renuat:
785 2567 952 2644 utferrum,
967 2584 1018 2640 quo
1031 2572 1106 2624 rotae
1119 2567 1292 2637 uehcruntur,

141 2648 200 2704 de'ci
218 2646 284 2705 solet
303 2646 432 2719 ‘cantus'
452 2665 620 2722 quamquam
639 2665 667 2704 eo
687 2652 829 2721 tamquam
849 2654 950 2722 recepto
970 2649 1060 2705 utetur
1072 2647 1202 2717 Persius,
1221 2650 1295 2705 scrut

144 2727 276 2787 Catullus
297 2728 476 2802 ‘ploxenum'
498 2733 576 2786 circa
589 2727 704 2786 Padum
725 2731 838 2797 rnmne't,
860 2735 886 2786 et
905 2730 935 2785 in
956 2730 1077 2786 oratrime
1095 2728 1218 2786 Labieni
1234 2732 1293 2786 siue

143 2811 195 2867 illa
208 2808 326 2868 Corneli
339 2808 422 2868 Galli
432 2816 473 2867 est
484 2811 515 2867 ire
526 2809 680 2868 Pollionem
694 2809 825 2868 ‘casamo’
840 2811 991 2867 adsectator
1004 2829 1017 2866 e
1033 2808 1133 2868 Gallia
1146 2811 1293 2868 adductum

142 2898 188 2948 est.
231 2889 310 2950 Nam
325 2890 494 2961 Quintiliani
507 2891 604 2950 uerbis
618 2891 686 2950 satis
705 2890 815 2950 factum
828 2891 880 2949 erit
895 2890 969 2949 side
984 2889 1079 2949 Gallia
1098 2901 1147 2950 aut
1161 2902 1192 2950 ut
1206 2893 1293 2951 unius

142 2971 233 3031 Corn.
256 2970 332 3030 Galli
353 2971 557 3031 Foroiuliensis
578 2972 670 3048 patria
691 2971 797 3031 dixisse
819 2973 973 3048 putabitur,
995 2982 1045 3030 aut
1070 2981 1102 3030 ut
1125 2973 1202 3030 auita
1223 2973 1292 3032 sede

142 3052 350 3123 Labienorum,
372 3071 440 3112 cum
461 3051 608 3112 Labienus
628 3053 653 3110 is
675 3053 724 3128 qui
744 3052 858 3129 legatus
880 3052 997 3112 Caesari
1018 3071 1097 3112 anno
1120 3054 1238 3132 696158
1264 3065 1293 3114 et

142 3145 246 3211 postea
275 3129 394 3211 700154
423 3134 461 3195 ad
490 3133 604 3210 703151
634 3133 746 3192 Galliae
773 3133 904 3210 praefuit,
933 3134 972 3192 ibi
1000 3134 1050 3193 diu
1077 3136 1168 3210 egerit
1195 3135 1294 3212 ibique

143 3215 273 3291 insignes
297 3234 343 3274 res
367 3216 444 3276 bello
469 3216 596 3291 gesserit,
618 3216 696 3274 unde
720 3215 830 3273 lamam
851 3216 1004 3274 militarem
1028 3233 1090 3274 non
1114 3216 1293 3276 mediocrem

143 3306 319 3357 consecutus
339 3306 390 3357 est.
433 3296 492 3356 Hic
507 3295 655 3356 Labienus
672 3305 829 3373 postquam
850 3314 930 3355 anno
946 3296 1063 3377 705149
1079 3316 1097 3355 a
1111 3296 1235 3357 Caesare
1255 3299 1294 3358 ad

144 3377 318 3455 Pompeium
342 3378 541 3455 transfugerat,
564 3396 644 3439 anno
672 3377 790 3437 demum
814 3378 930 3457 708146
953 3377 1084 3455 Cyrenas
1111 3380 1142 3437 111
1163 3379 1294 3440 Africam

144 3460 302 3536 profectus,
323 3477 395 3520 mox
416 3479 484 3519 cum
503 3459 626 3520 Afranio
648 3459 820 3535 Petreioque
842 3460 902 3518 dux
923 3458 1170 3537 Pompeianorum
1191 3471 1294 3521 contra

145 3541 302 3600 Caesarem
317 3541 492 3612 decertabat,
506 3542 546 3600 uti
564 3550 710 3600 narratum
729 3551 772 3600 est
790 3542 820 3600 in
842 3541 919 3601 bello
933 3541 1073 3601 Africano
1093 3561 1125 3600 12
1142 3562 1204 3620 sqq.
1247 3544 1294 3602 Ibi

144 3623 175 3680 in
194 3623 315 3699 regione
335 3623 415 3682 iuxta
432 3622 538 3700 Syrtim
551 3623 708 3694 Minorem,
725 3641 784 3699 qua
803 3623 834 3681 in
854 3623 974 3698 regione
995 3624 1105 3700 oppida
1126 3636 1193 3684 sunt
1208 3624 1294 3685 Utica

145 3704 279 3781 Ruspina
299 3704 400 3780 Leptis
424 3723 515 3781 parua
535 3704 751 3764 Hadrumetum
772 3703 920 3780 Thapsus,
941 3723 1003 3763 non
1027 3705 1115 3779 longe
1139 3725 1156 3766 a
1180 3706 1294 3784 Cinype

144 3785 235 3844 fluuio
263 3785 313 3862 qui
337 3786 411 3845 inter
438 3785 511 3845 duas
534 3785 631 3862 Syrtes
654 3786 768 3845 medius
794 3786 864 3858 fluit,
892 3786 1055 3845 Labienum
1082 3787 1170 3858 illum,
1196 3787 1294 3848 Ouidii

142 3866 378 3938 obtrectatorem,
400 3867 510 3926 editum
531 3869 619 3927 credo
640 3867 746 3927 Maura
769 3877 869 3938 matre,
891 3868 952 3926 siue
975 3886 1042 3926 eum
1063 3869 1125 3945 ipse
1147 3868 1295 3929 Labienus

146 3958 349 4024 progenuerat,
365 3949 426 4007 siue
444 3968 481 4008 ex
502 3948 558 4007 alio
579 3959 681 4008 natum
701 3967 756 4026 pro
778 3966 831 4008 suo
850 3949 1048 4025 adoptauerat.
1091 3949 1176 4022 Quae
1194 3951 1294 4026 opinio

146 4029 170 4088 si
190 4047 260 4088 uera
280 4040 333 4101 est,
354 4030 474 4105 hybrida
494 4031 564 4102 fuit;
591 4030 671 4107 quod
691 4030 867 4089 uocabulum
890 4033 990 4089 nescio
1011 4048 1071 4106 quo
1093 4050 1163 4090 casu
1184 4032 1295 4107 primus

144 4111 297 4188 usurpauit
310 4112 434 4188 scriptor
448 4110 520 4170 Belli
534 4111 663 4170 Africani
680 4110 717 4170 de
735 4112 801 4188 ipso
815 4111 946 4170 Labieno
960 4112 1084 4187 loquens
1101 4131 1137 4188 19
1153 4112 1296 4172 Labienus

145 4210 212 4268 quos
226 4192 269 4250 rbi
279 4190 321 4271 1111
335 4191 446 4269 Africa)
461 4197 557 4268 postea
576 4194 615 4251 eri
632 4193 759 4266 hybridas
769 4193 917 4250 libertinis
934 4195 1073 4268 seruisque
1086 4197 1295 4270 conscripserat,

143 4276 316 4332 'ornament
333 4274 409 4334 Sane
418 4274 599 4333 confluxerat
607 4291 643 4334 eo
652 4275 725 4333 mira
733 4274 872 4333 colluuies
879 4275 1296 4354 libertinorum‚Afrorum,ser-

145 4373 245 4414 uorum
254 4357 367 4431 denique
381 4363 408 4413 et
417 4356 622 4432 cuiusquemodi
623 4359 736 4433 generes
745 4358 884 4415 bominum
896 4354 1008 4435 1Β.Α11.
1018 4352 1079 4433 361,
1091 4357 1191 4432 quales
1201 4358 1295 4418 inimi·
1345 4352 1347 4357 ’

146 4455 215 4496 curn
230 4454 316 4497 suurn
330 4455 500 4514 procreasse
511 4437 636 4498 Ouidius
651 4447 780 4514 optasset
794 4449 880 4511 certe,
895 4438 981 4497 credo
997 4439 1084 4498 etiarn
1099 4440 1279 4516 significauit.
