3038 4988
496 440 500 465 ,
527 388 876 451 consummatus.
1220 395 1278 451 ιιι

126 548 259 618 Excerpt.
273 561 315 616 32.
328 558 372 617 νς,
386 545 433 618 qui
452 545 537 602 tradit
556 547 629 603 inter
647 556 755 602 statuas
772 545 902 603 inuentas
921 544 1091 618 Carthagine
1104 545 1191 603 fuisse
1202 547 1279 602 hunc

126 629 246 687 taurum,
270 618 315 672 Ἐν
332 620 360 672 δὲ
378 617 479 673 τούτοις
496 619 595 688 ὑπῆρχε
614 620 655 672 καὶ
672 621 687 670 ὁ
705 620 859 688 περιβόητος
882 622 976 686 ταῦρος
1000 620 1028 686 ἐξ
1047 621 1227 708 Ἀκράγαντος,
1250 617 1280 670 ὃν

126 690 320 745 κατασκευάσας
341 689 469 757 Περίλαος
490 689 615 758 Φαλάριδι
634 689 671 760 τῷ
690 687 810 755 τυράννω,
830 689 871 741 καὶ
891 695 993 754 πρῶτος
1013 690 1059 757 τὴν
1083 689 1214 755 αττόδειξιν
1234 692 1281 756 τῆς

126 759 192 814 ἰδίας
204 760 295 829 τέχνης
306 759 335 814 ἒν
346 761 377 827 τῇ
390 758 444 814 καθ
457 759 534 813 αὑτὸν
545 760 651 829 τιμωρίᾳ
664 759 765 814 δικαίως
781 742 914 828 ιλπομείνας
929 759 1046 830 ἀνῃρέθη.
1118 763 1189 816 438.
1208 777 1279 815 0011·

126 835 273 885 ueniente
293 832 357 884 Am.
380 829 397 885 i.
422 845 445 885 1.
467 846 483 884 2
505 833 626 884 materia
647 832 825 885 conueniente
846 832 943 884 modes.
1033 834 1103 885 439.
1123 834 1279 887 Phalaris.

126 902 272 955 Bentleius
291 902 328 955 ad
348 902 427 956 Phal.
446 917 473 970 p.
487 916 539 967 240
556 902 599 955 ed.
615 904 695 970 Dyce
715 902 800 956 allato
816 902 916 970 fragm.
936 901 1096 965 Heracb'dis
1110 901 1219 956 Pontici
1234 905 1278 969 (37

128 973 239 1040 Mulier,
251 975 362 1040 Fragm.
375 971 449 1025 Hist.
463 973 563 1026 Graec.
574 971 602 1024 ii.
614 989 641 1041 p.
652 971 715 1040 223)
724 970 822 1042 Ὅνπερ
835 974 849 1023 ὁ
862 973 941 1037 δῆμος
953 972 1138 1039 ἐτιμωρήσατο·
1154 973 1280 1040 ἐνέπρησε

126 1042 155 1095 δὲ
174 1045 222 1095 καὶ
240 1042 285 1110 τὴν
299 1043 395 1112 μητέρα
414 1041 455 1094 καὶ
470 1042 530 1096 τοὺς
544 1044 647 1112 palleos,
661 1052 757 1097 censet
772 1043 944 1097 Heracliden
959 1042 1135 1112 significasse
1148 1042 1279 1096 Phalarin

127 1111 220 1182 ipsum
233 1113 262 1166 in
275 1122 355 1167 tauro
373 1130 425 1166 suo
442 1113 621 1166 combustum
633 1114 875 1184 quemadmodum
888 1123 979 1168 mater
991 1113 1051 1167 eius
1064 1123 1092 1168 et
1105 1112 1189 1167 amici
1202 1113 1231 1166 in
1244 1130 1278 1166 eo

125 1184 294 1253 periissent,
319 1184 374 1238 hoc
398 1183 475 1238 enim
499 1185 571 1238 uelle
594 1184 722 1238 additum
747 1186 803 1240 καί,
848 1184 906 1238 Sed
929 1201 1069 1253 nusquam
1094 1183 1165 1238 alias
1189 1182 1218 1237 id
1239 1183 1280 1236 ui-

125 1254 209 1308 detur
220 1254 363 1309 traditum.
434 1261 555 1309 resecta
571 1254 684 1308 abscisa
700 1265 730 1308 ut
749 1267 762 1323 5
766 1256 817 1322 38:
837 1254 878 1309 sic
890 1272 1011 1309 resecare
1026 1256 1144 1325 capillos
1157 1255 1278 1308 barbam.

124 1327 198 1379 440.
216 1328 306 1380 More
323 1329 425 1380 bouis.
463 1327 532 1381 Met.
545 1325 563 1379 i.
577 1338 627 1396 745
641 1343 675 1379 ne
692 1342 767 1379 more
785 1328 918 1380 iuuencae
933 1326 1060 1395 Magzat.
1099 1325 1148 1379 Sil.
1160 1324 1213 1379 xiv.
1228 1339 1280 1392 2¹4

126 1394 162 1449 de
181 1405 261 1449 tauro
279 1395 437 1450 Phalaridis
455 1396 509 1450 Jlle
528 1397 577 1449 ubi
592 1401 712 1449 torreret
727 1397 856 1450 subiectis
871 1399 988 1465 corpora
996 1397 1129 1466 flammis
1145 1396 1282 1449 Mutabat

120 1468 246 1536 gemitus
258 1468 420 1537 mugitibus,
433 1473 549 1536 actaque
565 1483 648 1519 ueras
661 1467 776 1521 Credere
791 1473 854 1521 erat
868 1467 987 1520 stabulis
1001 1473 1130 1520 armenta
1142 1467 1281 1535 effundere

126 1551 211 1592 uoces.
266 1540 389 1602 Paphio
401 1554 452 1606 pro
467 1538 570 1607 Cyprio
582 1537 705 1606 positum
723 1548 819 1592 censet
838 1537 1013 1605 Saluagnius.
1053 1539 1130 1590 Nam
1142 1540 1173 1590 in
1188 1538 1279 1607 Cypro

120 1609 221 1677 prima
239 1610 314 1662 aeris
331 1609 458 1662 inuentio
480 1608 561 1677 (Plin.
583 1609 621 1663 H.
642 1609 678 1662 N.
697 1608 786 1662 xxxiv.
807 1607 847 1677 2),
865 1618 893 1662 et
915 1624 1040 1661 aerosum
1062 1609 1282 1677 appellauerunt

125 1680 242 1747 antiqui
257 1680 382 1733 insulam
404 1681 536 1748 Cyprum,
556 1679 634 1749 quod
651 1680 683 1731 in
703 1696 737 1731 ea
753 1680 915 1748 plurimum
937 1681 1012 1732 aeris
1032 1684 1168 1732 nascatur
1188 1678 1279 1747 (Paul.

125 1765 153 1817 p.
167 1763 202 1801 20
216 1750 338 1816 Miiller).
383 1749 513 1819 Inscript.
525 1749 610 1819 Argis
626 1759 738 1819 reperta
753 1750 854 1803 Kaibel
868 1749 928 1815 846.
942 1761 992 1818 3-5
1009 1749 1068 1814 Εἰμὶ
1081 1750 1110 1802 δὲ
1123 1750 1278 1816 Νικοκρέων,

125 1819 226 1905 θρέψεν
243 1819 273 1872 δέ
290 1842 322 1889 με
340 1821 373 1890 γᾶ
387 1822 560 1890 περίκλυστος
579 1819 676 1890 Κύπρις
693 1818 831 1873 θειοτάτών
843 1821 870 1872 ἐκ
884 1823 1019 1889 προγόνων
1030 1821 1139 1886 βασιλῆ.
1176 1821 1286 1874 ΣτῖισανΙ

124 1889 141 1942 δ
160 1887 274 1960 Ἀργεῖοί
290 1912 321 1959 με
337 1891 429 1960 χάριν
440 1892 572 1961 χαλκοῖο
588 1891 698 1945 rioms:
718 1908 785 1945 nam
799 1890 959 1944 Nicocreon
976 1907 1046 1944 uasa
1062 1907 1152 1944 aenea
1164 1890 1278 1959 Argiuis

125 1960 311 2015 certaminum
338 1961 465 2030 praemia
494 1961 609 2016 miserat
636 1960 771 2030 (Kaibel).
818 1963 911 2016 Omne
939 1978 987 2015 aes
1014 1960 1148 2030 Cyprium
1173 1961 1278 2016 ductile

61 2088 63 2091 ,
125 2031 211 2085 luisse
230 2031 315 2086 tradit
336 2031 442 2086 Plinius
461 2032 550 2087 xxxiv.
568 2048 611 2102 94.
649 2033 690 2087 Cf.
712 2034 778 2100 Lyc.
795 2033 856 2098 484.
962 2035 1030 2087 441.
1049 2036 1121 2086 aeui
1138 2036 1278 2087 melioris

125 2100 264 2157 iuuentae.
301 2101 386 2158 Trist.
405 2103 440 2158 iv.
461 2119 500 2158 10.
520 2118 553 2172 93
578 2105 642 2157 Iam
663 2103 737 2156 melei
755 2105 872 2157 canities
893 2103 986 2170 pulsis
1010 2103 1170 2156 melioribus
1193 2105 1279 2156 annis

130 2172 255 2228 Venerat.
392 2177 464 2229 442.
482 2177 611 2229 Admeti
629 2191 716 2228 socer
736 2173 835 2228 Pelias.
875 2175 950 2242 Hyg.
964 2188 998 2239 24
1012 2175 1081 2242 Ipsa
1098 2173 1226 2239 (Medea)
1240 2174 1282 2227 ad

125 2244 222 2296 Peliae
229 2244 314 2314 filias
327 2246 383 2313 pro
398 2245 537 2299 sacerdote
548 2246 661 2299 Dianae
677 2247 774 2300 uenit:
791 2247 831 2298 eis
841 2246 996 2314 pollicetur
1009 2262 1037 2297 se
1048 2247 1162 2313 patrem
1179 2261 1278 2298 earum

124 2314 227 2367 Pelian
239 2333 276 2368 er
284 2332 347 2368 sene
359 2317 488 2368 iuuenem
491 2316 650 2385 facturam.
682 2317 716 2370 id
725 2317 793 2385 quia
804 2315 951 2370 Alcestis
964 2314 1069 2368 maior
1082 2314 1149 2368 filia
1160 2317 1279 2385 negauit

116 2385 190 2455 fieri
194 2389 283 2454 posse,
294 2386 396 2439 Medea
408 2387 590 2456 quosacilius
601 2403 662 2440 eam
670 2388 836 2457 perduceret
848 2387 888 2440 ad
896 2403 978 2440 suam
991 2387 1166 2440 uoluntatem
1178 2387 1277 2457 calegi-

125 2460 240 2509 nemeis
254 2457 398 2524 obiecit,et
415 2474 451 2510 er
466 2459 581 2511 uenenis
598 2458 690 2511 multa
706 2458 846 2511 miracula
856 2459 936 2526 seed,
949 2475 1021 2527 quae
1038 2458 1208 2512 uerisimilia
1222 2475 1279 2511 esse

124 2527 292 2581 uiderentur
308 2529 476 2596 anetemque
493 2529 621 2582 uetulum
639 2530 670 2582 in
688 2546 791 2582 aenum
806 2531 928 2596 coniecit,
941 2529 1015 2582 unde
1032 2543 1125 2598 agnus
1137 2529 1278 2597 pulcerri-

125 2614 189 2649 mus
196 2597 363 2666 prosiluisse
375 2600 455 2651 uisus
465 2605 512 2652 est.
541 2599 686 2668 eodemque
698 2599 778 2653 modo
790 2600 925 2667 Peliades,
936 2600 971 2653 id
978 2605 1020 2652 est
1028 2599 1150 2653 Alcestis
1158 2599 1278 2668 Pelopia

124 2668 247 2721 Medusa
255 2670 378 2723 Pisidica
385 2669 555 2739 Hippothoe,
564 2670 680 2724 Medeae
691 2670 808 2739 inpulsu
816 2675 930 2740 patrem
937 2687 1022 2723 suum
1034 2672 1152 2724 occisum
1165 2671 1196 2722 in
1208 2686 1278 2722 aeno

125 2745 267 2792 coxerunt.
322 2742 487 2803 decipiare.
515 2740 643 2811 Plerique
655 2741 784 2795 Peliades
792 2758 849 2794 non
859 2740 956 2795 Pelian
965 2741 1115 2809 deceptum
1125 2739 1277 2808 tradidere,

126 2809 258 2877 Apollod.
270 2809 288 2864 i.
301 2823 326 2878 9.
340 2822 383 2876 27,
404 2813 486 2865 Paus.
502 2810 558 2864 viii.
576 2826 615 2865 11.
629 2826 654 2878 2,
675 2811 759 2876 Ouid.
774 2813 813 2865 M.
828 2811 872 2866 vii.
888 2826 948 2879 310,
962 2826 1022 2880 323,
1042 2813 1108 2865 Sen.
1123 2811 1200 2864 Med.
1214 2813 1276 2877 478.

127 2879 185 2932 Sed
195 2879 337 2934 Diodorus
347 2881 394 2948 (iv.
405 2881 448 2950 51)
458 2899 475 2935 a
487 2881 595 2951 uulgari
605 2882 700 2936 fabula
713 2882 888 2951 aliquantum
901 2881 1050 2936 discedens
1061 2881 1129 2935 dicit
1141 2881 1276 2935 Medeam

127 2949 222 3003 Peliae
232 2951 414 3020 persuasisse,
423 2962 453 3006 ut
467 2953 593 3007 crederet
604 2952 727 3007 Dianam
741 2952 838 3006 ineius
849 2953 932 3006 sedes
945 2962 1090 3022 tamquam
1103 2951 1274 3005 sanctissimi

126 3021 253 3074 omnium
270 3039 369 3090 regum
391 3022 550 3092 aduenisse,
570 3023 623 3077 sibi
646 3033 740 3077 autem
762 3023 846 3076 deam
868 3023 1020 3076 mandasse
1045 3032 1075 3076 ut
1100 3031 1275 3076 senectutem

127 3091 222 3145 Peliae
232 3092 365 3161 potentiis
376 3093 545 3163 quibusdam
555 3093 690 3162 abigeret,
700 3110 819 3164 quarum
828 3093 887 3147 uim
900 3111 964 3148 cum
977 3110 1028 3162 per
1037 3092 1078 3146 sui
1089 3092 1275 3146 mutationem

126 3179 160 3214 ex
173 3179 243 3216 anus
257 3162 351 3232 specie
364 3163 392 3216 in
405 3164 544 3234 uirginem
554 3174 748 3232 monstrasset,
758 3180 824 3217 mox
837 3163 969 3233 priuatim
979 3163 1123 3216 monuisse
1134 3162 1232 3216 Pelian
1244 3173 1275 3218 ut

126 3229 155 3285 in
168 3250 269 3286 manus
282 3251 313 3287 se
326 3233 445 3288 filiarum
458 3236 604 3290 traderet?
628 3245 688 3289 tum
703 3234 832 3289 Peliades
845 3251 895 3304 per
909 3234 1025 3288 arietem
1038 3234 1151 3287 delusas
1165 3243 1275 3302 patrem

126 3303 250 3372 sopitum
280 3304 446 3373 concidisse,
471 3316 583 3375 praeter
613 3322 699 3359 unam
723 3304 858 3359 Alcestin.
886 3304 1057 3358 Huiusmodi
1084 3304 1275 3358 narrationem

127 3373 262 3428 Ouidium
275 3375 321 3428 hic
334 3385 461 3429 secutum
475 3377 578 3431 credo:
598 3393 771 3447 quamquam
783 3379 942 3440 decipiare
960 3375 1046 3429 etiam
1065 3374 1106 3428 sic
1123 3374 1218 3429 licebit
1234 3374 1275 3428 in·

126 3444 281 3526 terpretari,
294 3455 324 3500 ut
339 3445 468 3500 Peliades
487 3448 564 3517 quod
582 3448 642 3502 fieri
661 3464 746 3517 posse
760 3447 882 3501 Medeae
895 3446 1048 3501 credebant
1066 3445 1142 3500 idem
1161 3463 1275 3515 persua·

126 3525 213 3569 serint
226 3515 308 3584 patri.
421 3520 493 3572 443.
512 3534 607 3583 eques
619 3528 649 3572 ut
664 3517 784 3586 Curtius,
798 3519 834 3572 de
847 3535 903 3588 quo
916 3518 1019 3586 duplex
1031 3515 1150 3571 historia
1161 3528 1275 3571 narrata

125 3595 169 3639 est
179 3603 197 3639 a
205 3588 333 3640 Varrone
344 3587 375 3642 L.
385 3587 416 3642 L.
424 3606 450 3643 v.
462 3591 510 3654 148
518 3589 546 3642 A
558 3591 683 3644 Procilio
692 3590 822 3658 relatum,
833 3591 865 3643 in
874 3606 904 3643 eo
913 3590 970 3643 loca
979 3588 1085 3642 delrisse
1093 3593 1200 3642 terram
1210 3593 1237 3642 et
1245 3589 1280 3642 id

125 3673 162 3709 er
168 3657 197 3710 S.
205 3657 272 3711 Con.
279 3659 320 3711 ad
326 3661 468 3728 aruspices
476 3661 598 3714 relatum
607 3677 679 3725 essa·
691 3665 853 3730 responsum
861 3661 944 3714 deum
954 3661 1090 3713 Manium
1095 3660 1276 3730 postilionem

120 3728 269 3797 postulare
280 3729 318 3796 iel,
330 3731 419 3782 ciuem
422 3731 617 3800 fortissimum
629 3749 659 3785 ea
670 3731 788 3785 demitti.
819 3737 881 3785 tum
893 3731 1031 3800 quendam
1042 3731 1175 3784 Curtium
1187 3733 1275 3783 ciuem

116 3798 225 3867 fortem
237 3806 382 3853 armatum
395 3802 547 3855 ascendisse
558 3804 590 3855 in
604 3819 706 3871 equum
724 3809 751 3856 et
765 3821 783 3856 a
797 3803 951 3856 Concordia
964 3817 1078 3855 uersum
1089 3817 1153 3855 eum
1165 3818 1234 3869 equo
1246 3817 1277 3853 eo

120 3871 344 3939 praecipitatum
349 3890 366 3935 ;
385 3889 416 3925 eo
424 3873 506 3942 sacto
518 3873 609 3927 locum
621 3875 705 3928 coisse
716 3880 801 3943 atque
812 3875 873 3927 eius
884 3876 985 3943 corpus
995 3873 1139 3926 diuinitus
1148 3871 1277 3924 humasse

125 3955 159 3992 ae
176 3941 322 4009 reliquisse
335 3944 420 4012 genti
434 3960 502 3996 suae
519 3950 738 3999 monumentum.
779 3958 836 4013 149.
855 3945 923 3997 Piso
943 3946 974 3997 in
990 3943 1155 3997 Annalibus
1171 3942 1276 4008 scribit,

125 4010 231 4064 Salina
244 4012 313 4065 lello
325 4014 472 4083 quodfuit
482 4015 603 4068 Romulo
614 4021 642 4069 et
657 4016 746 4082 Tatio,
759 4017 857 4068 uirum
861 4015 1056 4084 fortissimum
1068 4013 1192 4066 Matium
1206 4012 1276 4065 Cur-

125 4082 199 4134 tium
212 4082 359 4151 Sabinum,
372 4101 455 4153 quom
468 4086 607 4138 Remulus
622 4103 685 4139 cum
697 4087 758 4138 sues
769 4103 805 4138 er
814 4087 958 4154 superiore
970 4087 1056 4154 parte
1068 4083 1276 4152 impressionem

115 4152 238 4221 jecisset,
248 4154 380 4208 Curtium
389 4157 421 4208 in
430 4156 520 4209 locum
525 4157 693 4226 palustrem,
702 4158 755 4224 qui
759 4162 821 4209 tum
821 4156 888 4225 suit
894 4157 925 4208 in
924 4156 1001 4225 soro,
1010 4159 1161 4223 antequam
1170 4152 1278 4205 cloacae

124 4224 298 4293 suntfactae,
306 4227 442 4279 secessisse
452 4233 536 4296 atque
547 4228 588 4280 ad
595 4243 662 4280 suos
672 4244 700 4279 se
712 4228 743 4279 in
753 4227 925 4296 Capitolium
938 4226 1068 4294 recepisse
1072 4242 1089 4288 ,·
1100 4224 1134 4276 ab
1143 4239 1173 4276 eo
1182 4223 1276 4276 lacum

125 4295 266 4348 inuenisse
284 4312 391 4350 nomen.
428 4298 537 4351 Ambas
556 4299 667 4351 fabulas
687 4294 773 4351 etiam
796 4296 892 4350 Liuius
911 4295 956 4350 vii.
970 4296 995 4350 6.
1009 4297 1042 4348 cl.
1058 4294 1075 4349 i.
1092 4309 1122 4361 13
1141 4293 1274 4348 exhibuit

126 4380 268 4429 mergare
285 4370 437 4432 uoragine
454 4373 551 4424 caeni.
590 4371 623 4422 ln
636 4368 680 4422 his
693 4378 779 4439 poeta
792 4367 925 4421 Pisonem
939 4376 1050 4420 secutus
1064 4365 1183 4433 uidetur,
1193 4374 1221 4418 et
1235 4364 1276 4419 sic

128 4433 187 4488 Liu
199 4436 216 4490 i.
228 4451 258 4503 13
268 4437 486 4492 Monumentum
499 4441 560 4492 eius
567 4443 691 4510 pugnae,
702 4440 888 4510 uliprimum
900 4456 937 4491 er
946 4437 1112 4507 profunda
1129 4452 1276 4490 emersus

125 4505 248 4574 palude
267 4525 370 4578 equus
390 4511 522 4564 Curtium
542 4512 667 4565 inuade
687 4512 798 4580 statuit,
818 4512 950 4566 Curtium
972 4510 1065 4563 lacum
1084 4509 1275 4581 appellarunt.
