3038 4988
216 379 217 388 ¹
248 368 308 425 136
650 362 998 425 COMMENTARIVS.

247 524 311 577 Cer.
325 521 438 590 67415,
449 537 534 592 quem
546 520 632 575 modo
642 522 759 591 χαλεπόν
770 543 799 574 τε
812 520 851 573 καλ
863 520 955 591 ἄγριον
966 521 1051 590 λιμὸν,
1061 517 1163 575 Αἴθωνα
1175 521 1308 590 κρατερόν,
1320 519 1405 574 modo

247 594 326 646 κακὰν
346 592 515 662 βούβρωστιν
532 602 624 647 uocat.
665 605 786 661 [ος-110
803 594 885 659 Χῆραι
904 593 951 657 μὲν
969 592 1087 662 μάνδραι,
1105 593 1187 645 κενεαὶ
1207 591 1235 645 δέ
1252 614 1296 661 μοι
1319 595 1406 647 αὕλιες

247 664 294 750 ilde)
313 663 491 733 Τετραπόθων·
519 664 566 730 ἤδη
586 663 637 734 γὰρ
658 662 838 733 ἀπηρνήσαντο
860 663 985 733 μάγειροι.
1004 660 1088 717 Ἀλλὰ
1111 664 1151 716 καὶ
1172 663 1268 729 οὐρῆας
1288 665 1406 731 μεγαλᾶν

246 733 381 788 ὖπελυσαν
402 735 510 802 ἁμαξᾶν,
532 735 580 786 Καὶ
600 734 647 786 τὰν
667 735 722 795 βῶν
746 734 852 805 ἔφαγεν,
874 735 921 787 τὰν
940 732 1032 802 Ἑστίᾳ
1052 735 1146 803 ἔτρεφε
1169 734 1264 802 μάτηρ,
1287 736 1338 787 Καὶ
1361 735 1405 786 τὸν

246 805 414 875 ἀεθλοφόρου
426 806 467 857 καὶ
478 805 523 858 τὸν
534 803 674 872 πολεμήῖον
686 801 773 869 ἵππον,
786 803 834 856 Καὶ
849 804 896 856 τὸν
912 801 1043 874 αἴλουρον,
1058 805 1106 857 τὰν
1119 805 1209 874 ἔτρεμε
1227 805 1304 872 θηρία
1320 805 1402 872 μικκά.

249 877 316 945 Ipse
335 874 527 944 Erysichthon
547 872 632 926 Αἴθων
650 874 866 942 cognominatus
885 884 928 928 est
947 874 987 928 ὅτι
1005 872 1035 940 ἢν
1052 874 1187 940 ἄπληστος
1204 877 1287 943 βορᾶς
1299 876 1403 929 Athen.

247 947 310 1012 416.
381 948 451 1001 421.
470 947 562 1009 dapis
574 947 739 999 humanae.
775 945 873 1014 Eurip.
888 947 1010 1014 Meleag.
1024 946 1056 1000 sr.
1071 958 1118 1014 541
1136 945 1240 999 Nauck
1254 945 1404 1012 Εῖςάνδρο-

247 1020 350 1085 §pirrus
362 1014 455 1082 ἡδονὰς
472 1017 592 1084 ἀφίξεται
606 1018 707 1083 Κάρηνα
719 1019 831 1083 πυρσαῖς
843 1015 933 1084 γε’νυσι
947 1016 1116 1070 Μελανίππου
1128 1019 1243 1070 σπάσας.
1279 1033 1404 1080 quaque

247 1091 342 1141 Parte
354 1092 444 1150 potes
457 1103 513 1154 ore,
523 1103 580 1139 non
594 1103 689 1140 manu.
716 1088 794 1139 Nam
806 1086 921 1155 Tydeus
934 1104 1019 1140 manu
1031 1085 1210 1155 fortissimus,
1223 1103 1273 1140 ore
1286 1087 1403 1140 corrosit

218 1178 221 1187 ·
247 1167 333 1226 caput
357 1156 522 1226 Menalippi,
545 1167 575 1210 ut
596 1156 697 1211 iterum
719 1167 847 1210 narratur
869 1169 927 1226 515.
1007 1161 1080 1212 428.
1106 1160 1231 1223 uydeus
1251 1162 1405 1222 temporis

247 1230 344 1282 huius
365 1229 447 1282 Mart.
466 1227 512 1282 xii.
526 1241 599 1295 329
617 1228 685 1281 Irus
705 1233 820 1281 tuorum
842 1232 1006 1297 temporum.
1045 1228 1207 1297 Shakspere
1228 1228 1329 1297 Cymb.
1347 1228 1403 1296 ii.5

250 1300 279 1352 Τ
276 1299 311 1352 he
328 1298 408 1350 Dian
427 1299 463 1367 of
473 1298 537 1351 that
554 1300 627 1352 time.
700 1301 770 1352 429.
789 1301 906 1362 aliquid
927 1316 991 1353 cum
1010 1299 1138 1368 emphasi
1159 1298 1275 1366 dictum,
1292 1300 1406 1368 grande

247 1369 384 1438 quiddam
405 1368 483 1436 (Sen.
504 1370 576 1437 Thy.
589 1368 652 1436 270)
666 1369 748 1438 quale
768 1369 819 1422 suit
836 1369 915 1423 Atrei
932 1369 1041 1423 facinus
1060 1371 1113 1438 qui
1126 1371 1243 1438 cupiens
1255 1388 1274 1423 a
1290 1370 1406 1439 Thyeste

238 1441 339 1510 fratre
355 1456 407 1492 suo
425 1441 551 1493 iniurias
567 1441 669 1508 exequi
684 1441 715 1492 iu
729 1442 860 1510 gratiam
876 1457 939 1493 cum
955 1457 985 1493 ea
1002 1441 1088 1493 rediit
1099 1444 1127 1492 et
1144 1441 1175 1492 in
1188 1456 1308 1510 regnum
1321 1457 1407 1493 suum

247 1528 311 1564 eum
324 1510 446 1577 redum't,
451 1511 586 1580 filiosque
601 1512 662 1563 eius
679 1511 802 1580 infantes
818 1511 972 1565 Tantalum
991 1516 1018 1564 et
1029 1510 1202 1564 Plisthenem
1219 1513 1320 1565 occidit
1336 1517 1364 1564 et
1375 1513 1407 1564 iu

247 1582 340 1651 epulis
357 1580 471 1650 Thyesti
481 1583 621 1650 apposuit.
658 1584 783 1650 quicum
796 1587 955 1635 uesceretur
963 1581 1072 1635 Atreus
1084 1583 1240 1651 imperauit
1252 1581 1408 1635 brachiaet

248 1669 300 1706 ora
317 1654 475 1721 puerorum
496 1652 601 1720 afferri
639 1653 670 1705 ob
688 1652 722 1706 id
738 1652 827 1705 scelus
847 1653 933 1706 etiem
950 1654 995 1706 sol
1009 1668 1124 1705 cursum
1142 1653 1251 1705 auertit
1270 1654 1346 1722 Hyg.
1364 1652 1407 1707 88.

249 1725 272 1776 F
276 1722 338 1776 ilios
357 1721 491 1790 Thyestis
510 1723 621 1790 Aglaon
641 1723 842 1776 Orchomenon
861 1724 971 1776 Kaleon
990 1722 1117 1776 nominat
1137 1723 1231 1777 Schol.
1246 1723 1341 1777 Orest.
1356 1723 1406 1778 812

250 1792 423 1860 (Muncker).
512 1796 584 1847 430.
603 1796 668 1846 Gur
684 1803 799 1862 propter
811 1793 888 1863 quod
901 1797 977 1848 solis
989 1797 1062 1857 equi
1074 1797 1249 1847 subornati
1261 1792 1407 1848 conterriti

251 1865 334 1932 (Met.
348 1863 365 1917 i.
379 1863 440 1931 641,
459 1861 495 1917 xi.
509 1863 555 1932 77)
572 1870 708 1928 aguntur
726 1880 746 1918 a
763 1879 894 1928 uespere
912 1881 947 1918 ex
966 1863 1113 1918 occidente
1131 1880 1243 1918 rursus
1262 1874 1407 1918 retroacto

250 1933 350 1988 itinere
367 1938 408 1988 ad
425 1940 523 1989 ortus.
561 1935 668 1988 Multus
687 1944 730 1989 est
743 1933 772 1987 in
785 1935 839 1988 hac
856 1951 885 1988 re
899 1934 1085 1988 describenda
1099 1935 1210 1988 Seneca
1222 1935 1341 2003 Thyest.
1356 1936 1408 2001 776

251 2021 313 2075 sqq.
322 2005 374 2071 784
382 2007 609 2059 uerteritcurrus
617 2006 820 2074 licetSibirpse
829 2006 915 2058 Titan
925 2006 1148 2059 obuiumducens
1156 2007 1213 2058 iter
1222 2006 1250 2058 Τ
1246 2006 1409 2075 euebmsque

239 2077 363 2146 facinus
378 2076 479 2128 obruat
498 2081 603 2129 tetrum
623 2077 706 2128 nouis
720 2077 791 2129 Nax
810 2078 896 2128 missa
913 2076 948 2129 ab
966 2082 1031 2129 ortu
1050 2078 1172 2145 tempore
1187 2076 1280 2129 alieno
1292 2079 1408 2147 grauis,

251 2157 279 2200 et
300 2147 328 2199 in
349 2147 435 2199 choro
455 2147 507 2214 789
526 2163 588 2216 sqq.
626 2145 787 2200 Praeiuerat
806 2146 904 2216 Eurip.
924 2148 1190 2212 Orest.1001-'1004
1208 2146 1255 2200 ubi
1277 2148 1408 2201 Schold

250 2217 324 2285 ἥλιος
348 2218 381 2284 μὴ
406 2220 518 2286 στέρξας
540 2221 570 2269 τὸ
594 2218 743 2287 παράνομον
765 2217 825 2285 μίαν
849 2215 944 2285 ἡμέραν
964 2217 992 2269 ἐκ
1014 2217 1120 2285 δυσμῶν
1138 2221 1203 2285 πρὸς
1224 2216 1257 2270 ἕω
1280 2216 1408 2287 διφρεύει.

250 2290 317 2341 431.
336 2291 521 2351 Lycaoniae.
536 2289 610 2356 Hyg.
626 2287 674 2353 176
685 2289 825 2357 Lycaonis
834 2289 898 2358 filii
909 2289 1005 2342 Iouem
1017 2292 1127 2341 tentare
1138 2287 1294 2341 uoluerunt
1304 2289 1409 2342 deusne

251 2363 320 2411 esset
331 2363 358 2411 et
369 2374 481 2410 caruem
493 2357 648 2410 humanam
660 2374 723 2412 cum
739 2365 828 2412 cetera
840 2376 924 2412 carue
941 2360 1174 2412 commiscuerunt
1184 2359 1269 2427 idque
1280 2361 1312 2412 in
1325 2360 1409 2429 epulo

250 2431 279 2482 ei
296 2432 495 2498 apposuerunt.
526 2430 578 2498 qui
592 2432 745 2499 postquam
765 2431 852 2483 sensit
872 2430 965 2483 iratus
989 2445 1113 2483 mensam
1136 2432 1246 2497 euertit,
1268 2431 1409 2498 Lycaonis

244 2500 326 2570 sileas
329 2500 459 2569 fulmine
469 2501 588 2553 necauit.
625 2501 731 2553 Versus
744 2518 778 2554 ex
793 2501 861 2554 Met.
876 2499 892 2554 i.
910 2500 957 2568 165
972 2509 1109 2569 sumptus.
1214 2503 1285 2555 433.
1303 2504 1408 2565 posito

253 2570 291 2624 ad
309 2569 516 2623 comedendum
535 2580 565 2623 ut
579 2572 673 2641 posita
690 2572 748 2624 cibo
765 2573 796 2625 F.
811 2570 838 2624 ii.
854 2571 912 2640 566.
948 2575 1017 2624 uim
1032 2575 1165 2635 temptet
1177 2568 1248 2624 iram
1262 2581 1407 2640 prouocet.

252 2643 324 2695 434.
351 2642 532 2695 Tantalides
554 2642 657 2710 Pelops
680 2651 708 2696 ut
730 2641 815 2696 Trist.
835 2640 862 2696 ii.
882 2641 940 2709 385.
966 2642 1039 2710 Hyg.
1058 2642 1091 2709 83
1113 2643 1215 2710 Pelops
1240 2642 1361 2695 Tantali
1381 2646 1410 2695 et

253 2712 359 2764 Diones
371 2711 503 2765 Atlantis
509 2713 594 2781 filiae
603 2713 689 2782 filius
705 2729 769 2766 cum
781 2718 850 2766 esset
861 2713 893 2765 iu
905 2713 997 2781 epulis
1007 2713 1123 2765 dearum
1136 2730 1154 2765 a
1171 2712 1198 2764 T
1194 2712 1293 2765 autalo
1304 2730 1408 2780 caesus,

252 2781 399 2835 brachium
428 2783 488 2834 eius
519 2784 599 2836 Ceres
629 2784 808 2852 consumpsit.
856 2787 942 2836 'Pelei
962 2799 1049 2847 puer.
1079 2785 1155 2851 Hyg.
1180 2783 1233 2835 206
1259 2783 1410 2852 Clymenus

253 2852 389 2906 Schoenei
396 2852 482 2922 filius
493 2869 546 2906 reu
559 2853 703 2908 Arcadiae
720 2870 815 2907 amore
831 2857 931 2924 captus
947 2870 1011 2907 cum
1023 2854 1185 2922 Harpalyce
1194 2854 1265 2923 filia
1280 2871 1335 2907 sua
1347 2870 1408 2907 con-

253 2923 356 2978 cubuit.
390 2940 424 2976 eo
444 2939 508 2976 cum
524 2926 684 2994 peperisset,
703 2926 736 2978 in
756 2925 848 2994 epulis
860 2926 960 2995 filium
980 2925 1114 2993 apposuit
1128 2925 1219 2993 patri.
1258 2925 1410 3005 Clymenus

249 2998 338 3065 pater
347 3011 378 3047 re
389 2995 502 3064 cognita
513 2995 696 3065 Harpalyceu
708 2996 854 3064 interfecit.
894 2994 950 3048 Hic
965 2996 1117 3064 Clymenus
1130 3011 1148 3049 a
1162 2995 1314 3048 Parthenio
1328 2997 1408 3049 Erot.

256 3080 288 3133 13
311 3064 443 3133 KAiueuos
465 3067 479 3116 ὁ
500 3065 599 3119 Τελέας
618 3065 739 3133 dicitur3
767 3065 842 3119 unde
859 3068 937 3136 puer
953 3066 1030 3119 Talei
1046 3064 1148 3134 poterit
1166 3064 1212 3119 hic
1231 3065 1327 3119 uocari
1348 3065 1409 3119 siue

253 3139 459 3260 {tullii
476 3136 734 3276 {tinnula
749 3135 1410 3275 ³l·ehilulspii³lihiig⁶l⁰⁶3ii⁵’illidii?

728 3246 735 3275 ,
1057 3247 1062 3261 .
1116 3248 1122 3261 .

256 3276 357 3346 (Mein.
377 3278 460 3331 Anal.
479 3277 558 3331 Alex.
576 3294 604 3345 p.
617 3277 673 3344 70),
692 3277 752 3331 siue
771 3278 848 3348 quod
867 3277 945 3331 Telei
965 3276 1046 3345 filius,
1064 3293 1121 3330 non
1140 3276 1267 3345 Clymeni
1287 3277 1409 3332 traditus

254 3348 346 3402 fuerat
365 3347 401 3401 ab
420 3364 454 3401 eo
473 3363 558 3416 quem
576 3347 622 3400 hic
641 3347 767 3417 sequitur
786 3347 915 3403 Ouidius,
952 3349 1024 3401 Rem
1038 3357 1080 3401 ter
1092 3357 1186 3401 narrat
1201 3347 1334 3416 Hyginus
1349 3348 1409 3415 206,

257 3420 318 3486 238,
329 3418 389 3486 246,
400 3435 456 3488 quo
467 3418 495 3471 in
508 3417 607 3471 ultimo
617 3419 679 3471 loco
692 3418 775 3472 simul
785 3428 1043 3472 commemorantur
1052 3417 1099 3488 qui
1113 3417 1184 3471 filios
1195 3435 1261 3471 suos
1272 3418 1302 3471 in
1315 3419 1407 3487 epulis

255 3499 491 3558 consumpserunt
509 3491 616 3542 Tereus
635 3490 775 3557 Thyestes
796 3491 956 3557 Clymenus.
997 3489 1123 3542 Tereziles
1135 3492 1212 3557 puer
1229 3498 1257 3542 et
1278 3505 1296 3542 a
1313 3505 1410 3558 gram·

255 3557 361 3613 matica
381 3559 514 3613 abhorret
534 3569 562 3613 et
580 3575 598 3612 a
619 3561 703 3614 MSS.
786 3562 857 3614 435.
875 3564 956 3614 latos
974 3558 1050 3613 idem
1069 3569 1112 3613 est
1130 3560 1188 3613 fere
1207 3559 1284 3628 quod
1302 3560 1362 3613 late
1379 3570 1410 3615 ut

256 3631 360 3697 Georg.
383 3629 418 3683 iv.
440 3642 489 3698 522
511 3630 692 3701 Discerptum
711 3631 785 3684 latos
807 3632 936 3685 iuuenem
957 3634 1084 3699 sparsere
1100 3634 1156 3699 per
1174 3645 1266 3700 agros.
1339 3634 1411 3686 431.

255 3715 336 3764 quae
354 3699 477 3768 Absyrti.
507 3703 628 3764 patrias
646 3703 754 3755 Aeetae
771 3701 868 3771 patris.
889 3700 947 3755 Cic.
967 3701 1002 3755 de
1023 3702 1060 3755 N.
1078 3703 1115 3754 D.
1134 3699 1171 3754 iii.
1191 3700 1233 3754 26.
1252 3699 1286 3765 67
1306 3701 1411 3755 Medea

249 3775 366 3843 patrem
373 3772 558 3840 patriamque
560 3770 681 3842 fugiens
698 3782 874 3842 postquam
891 3781 987 3841 pater
1002 3770 1260 3841 Adpropinquat
1275 3770 1411 3842 iamque

149 3903 151 3906 ¹
256 3857 361 3912 paene
386 3850 420 3895 ut
445 3842 740 3910 conprehendatur
766 3853 870 3912 parat,
902 3844 1039 3896 Puerum
1069 3841 1202 3896 interea
1225 3851 1410 3911 optruncat

257 3912 472 3983 membraque
491 3911 699 3967 articulatim
718 3912 849 3981 diuidit,
869 3914 998 3982 Perque
1017 3929 1116 3981 agros
1135 3911 1262 3982 passim
1281 3912 1411 3982 disper-

256 3983 305 4053 git
319 4000 458 4052 corpus:
479 3982 512 4037 id
524 4000 563 4037 ea
575 3983 692 4052 gratia,
705 3985 756 4051 Vt,
769 3983 845 4037 dum
862 3983 931 4037 nati
945 3983 1131 4053 dissipatos
1148 3993 1240 4037 artus
1253 3994 1411 4053 captaret

256 4072 387 4125 parens,
403 4056 481 4124 Ipsa
498 4053 626 4109 interea
644 4054 820 4123 effugeret,
838 4053 930 4108 illurn
946 4063 980 4108 ut
998 4071 1127 4108 maeror
1145 4054 1295 4108 tardaret
1313 4055 1411 4125 sequi

256 4125 330 4181 Sibi
351 4126 493 4180 salutem
512 4135 546 4179 ut
564 4124 724 4178 familiari
743 4135 876 4194 pareret
894 4124 1087 4194 parricidio.
1238 4127 1309 4180 437.
1327 4128 1413 4180 Aere

257 4196 313 4251 abl.
336 4195 463 4250 instrum.
484 4196 569 4264 ‘May
588 4212 643 4265 you
662 4195 827 4250 counterfeit
849 4195 984 4250 veritable
1003 4194 1132 4249 bullocks
1151 4195 1218 4249 with
1236 4196 1284 4249 the
1306 4196 1412 4252 brazen

257 4267 360 4335 engine
381 4268 414 4320 of
433 4266 566 4321 Perillus'
587 4277 616 4320 ut
641 4268 679 4320 M.
699 4266 753 4320 xiv.
773 4279 820 4335 521
834 4268 965 4336 saltuque
985 4268 1116 4320 imitatus
1136 4268 1244 4337 agresti
1264 4266 1412 4337 (choreas),

257 4340 292 4391 A.
312 4340 347 4392 A.
369 4338 386 4393 i.
409 4338 457 4391 611
482 4338 676 4407 imitandaque
701 4338 822 4391 uulnera
843 4338 943 4392 uerbis.
979 4337 1065 4391 Aliud
1086 4347 1129 4392 est
1150 4338 1272 4391 Perilleo
1292 4339 1326 4390 in
1347 4357 1414 4393 aere

258 4407 343 4463 Trist.
363 4427 388 4463 v.
411 4424 432 4462 1.
454 4421 493 4477 53.
521 4408 638 4463 Perillus
665 4407 710 4476 (A.
729 4409 763 4462 A.
783 4408 800 4462 i.
820 4409 883 4477 653)
909 4418 1007 4462 auctor
1031 4408 1082 4462 fuit
1105 4407 1247 4462 Phalaridi
1273 4418 1303 4462 ut
1328 4419 1412 4464 tauro

258 4480 367 4534 aheneo
386 4495 470 4550 quem
492 4479 553 4550 ipse
572 4479 759 4534 fabricaberat
777 4478 858 4533 uiuos
880 4478 1042 4535 includeret.
1072 4479 1197 4537 Perilaus
1217 4489 1260 4534 est
1280 4479 1413 4535 Diodoro
1503 4536 1504 4539 ,
