3126 4980
252 333 290 397 72
733 335 913 396 SCHOLIA

291 508 359 570 397.
380 493 425 550 Vt
454 492 510 569 qui
543 502 622 568 post
652 492 802 569 longum.
885 491 1030 568 Aegiptus
1065 510 1179 552 nouem
1211 492 1308 552 annis
1344 492 1425 552 sicca

247 576 394 651 Aegiptus
422 573 452 631 ix
487 574 572 632 annis
607 574 715 633 siccata
750 584 802 643 est,
844 573 904 645 fuit,
935 592 1002 633 curn
1034 574 1157 633 Trasius
1193 575 1276 633 dixit
1318 574 1428 635 Busiri

247 675 315 716 cum
329 656 451 715 Trasius
471 654 566 714 Busiri
585 656 646 730 regi
663 655 803 731 Aegiptio
845 655 1016 731 Aegiptiaco
1038 656 1100 731 regi
1125 665 1158 714 ut
1179 666 1339 715 mactaret
1364 657 1423 732 pri·

248 738 320 798 dixit
342 756 394 815 per
414 737 540 815 primum
561 736 705 814 hospitem
724 754 803 795 mac·
844 754 925 793 mum
942 736 1088 812 hospitem
1107 735 1174 795 Ioui
1194 747 1227 795 et
1244 738 1290 796 sic
1307 755 1424 814 aquam

247 829 341 881 tatum
369 817 497 894 pluuiam
524 834 613 894 posse
638 818 801 895 prouocari.
842 817 969 889 haberet,
979 818 1026 876 cui
1037 817 1147 876 Busiris
1156 818 1305 888 ait‚Fies
1320 820 1423 878 Iouis

247 900 327 959 unde
338 901 400 975 ipse
411 907 553 957 mactatus
563 909 607 957 est
617 917 625 971 ;
647 899 801 957 eratenim
843 898 957 958 hostia
971 899 1100 975 primus
1116 897 1166 974 (Α.
1182 900 1224 957 Α.
1241 899 1271 957 I.
1285 898 1376 977 651),
1393 909 1423 958 et

248 982 359 1059 primus
372 980 489 1055 hospes.
535 978 571 1039 G.
845 999 883 1041 eo
911 979 1051 1038 inmolato
1075 980 1174 1056 pluuia
1203 983 1293 1039 uenit
1326 991 1362 1039 ut
1393 981 1421 1040 d.

846 1060 978 1121 Ouidius.
1024 1060 1051 1121 C
1063 1061 1133 1119 Ast.

291 1162 359 1218 399.
374 1141 491 1200 Frater
502 1141 677 1201 utAntaei.
694 1142 803 1201 Busiris

249 1234 279 1285 et
292 1225 423 1283 Antaeus
440 1222 542 1283 fratres
556 1223 678 1282 luerunt.
725 1223 761 1283 G.
803 1247 808 1258 ·

292 1324 361 1378 401.
382 1305 426 1363 Vt
441 1305 497 1380 qui
511 1304 692 1364 terribiles.
723 1304 803 1364 Tan·
885 1304 1031 1364 Diomedes
1057 1305 1189 1382 hospites
1219 1323 1295 1366 suos
1329 1307 1419 1384 equis

250 1386 292 1463 git
310 1386 438 1445 fabulam
453 1386 489 1444 dc
506 1385 653 1444 Diomede
672 1387 804 1461 superius
846 1386 933 1446 dabat
950 1387 987 1446 ad
1007 1386 1243 1458 comedendum3
1271 1388 1360 1446 idem
1379 1390 1419 1446 ab

250 1469 366 1528 dictam.
411 1466 447 1526 G.
847 1467 974 1533 Hercule
1005 1468 1120 1543 hospite
1149 1485 1258 1543 passus
1291 1480 1351 1541 est,
1386 1479 1419 1528 ut

848 1551 915 1608 dicit
930 1550 1050 1608 Boetius
1065 1546 1123 1627 (II.
1140 1546 1180 1627 6).
1214 1548 1250 1608 C.

293 1650 361 1703 404.
384 1629 516 1688 Nessus
541 1628 805 1707 Dexamenique
887 1631 1024 1689 Ir'ercules
1057 1630 1185 1689 Nessum
1221 1629 1417 1690 Centaurum

250 1731 364 1788 gener.
406 1712 518 1774 ratrax
552 1710 706 1775 Echiona†
738 1730 804 1771 cen·
847 1713 952 1788 sagitta
970 1721 1168 1786 consequutus
1189 1722 1234 1770 est
1249 1730 1324 1769 cum
1341 1713 1416 1772 Dei-

250 1803 365 1853 taurum
400 1792 543 1852 interfecit
577 1793 646 1869 quia
680 1793 803 1852 ducebat
844 1795 961 1851 aniram
996 1793 1069 1852 ultra
1103 1793 1224 1850 fluuium
1264 1793 1416 1852 Euenum

250 1874 487 1951 Hippodamiam
507 1874 595 1932 liliam
619 1873 782 1933 Dexameni
793 1895 802 1947 ;
844 1893 945 1950 rapere
960 1875 1015 1934 sihi
1029 1873 1122 1932 uellet.
1158 1873 1238 1933 idem
1255 1873 1414 1934 Hercules

251 1958 301 2032 qui
336 1965 439 2033 postea
477 1955 644 2015 interiectus
684 1965 727 2014 est
767 1958 805 2014 ah
846 1955 998 2014 Euritiona
1018 1954 1197 2014 Centaurum
1211 1955 1367 2014 interiecit
1382 1957 1414 2014 in

252 2036 380 2096 Hercule
394 2054 449 2112 pro
463 2037 575 2095 eadem.
621 2035 657 2096 G.
846 2037 954 2113 nuptiis
989 2035 1109 2094 Pirithoi
1141 2045 1170 2094 et
1197 2035 1414 2112 Hippocatiae

293 2118 437 2176 Hercules
451 2116 581 2177 Nessum
598 2127 626 2177 et
645 2116 805 2194 Eurytiona
846 2118 893 2179 uel
931 2117 1150 2193 Hippodamiae.
1213 2134 1284 2174 eum
1335 2137 1414 2194 ergo

252 2199 416 2258 Centauros
451 2195 608 2279 [rapientes
649 2198 802 2276 Hippoda-
845 2217 987 2275 generum
1001 2198 1167 2257 Dexameni
1188 2198 1319 2273 appellat
1345 2218 1412 2257 non

252 2281 341 2339 miam
356 2279 520 2338 Dexameni
538 2281 615 2355 regis
629 2280 717 2338 liliam
737 2300 804 2339 cum
846 2281 926 2357 quod
941 2280 1032 2350 luerit,
1055 2279 1107 2338 sed
1126 2279 1193 2355 qula
1214 2296 1281 2337 esse
1303 2281 1412 2339 uoluit.

252 2361 382 2421 Pirithoo
432 2357 604 2440 nubentem]
656 2361 803 2435 interfecit,
847 2359 1413 2438 DexamenusenimpaterfuitHzppo-

290 2546 350 2599 397.
368 2532 504 2587 trasilisG
565 2548 650 2586 annos
663 2537 728 2589 Ask.
788 2536 925 2589 traciusC
983 2533 1159 2587 tunctrasius
1172 2533 1238 2586 Ask.
1301 2532 1413 2603 busyro

252 2603 419 2671 egipciaciG
505 2603 561 2670 regi
574 2605 673 2672 aegipti
688 2607 752 2659 Ask.
841 2612 872 2659 ut
885 2606 975 2658 uirum
988 2605 1043 2658 ioui
1055 2606 1082 2658 in
1094 2604 1212 2656 hostiam
1224 2609 1368 2658 mactaret
1382 2612 1413 2659 et

252 2677 290 2728 sic
304 2675 369 2728 Ask.
441 2689 475 2726 eo
488 2673 629 2727 immolato
641 2674 711 2742 pluit
723 2678 788 2730 Ask.

253 2745 492 2881 attilani
506 2749 791 2871 tltt’tttlltt
806 2743 1411 2884 ‘ld’itti-‘lillttihltlttltti

253 2886 368 2955 pedibus
383 2885 540 2939 immolabat
557 2892 585 2939 et
601 2886 654 2939 hoc
667 2892 732 2940 ante
744 2904 828 2941 aram.
860 2887 936 2956 quod
952 2892 1047 2955 postea
1058 2903 1150 2955 passus
1167 2892 1208 2938 est
1220 2885 1255 2937 ab
1269 2885 1413 2942 Hercule.

253 2959 423 3026 Manifestum
436 2968 474 3009 est
486 2957 564 3009 Trax
576 2976 608 3009 ex
621 2960 708 3011 Atrax
721 2971 866 3028 corruptum
880 2978 932 3012 esse
947 2968 972 3012 et
988 2978 1005 3010 a
1024 2977 1098 3011 uersu
1112 2974 1161 3023 403
1169 2969 1217 3026 per
1228 2975 1344 3010 errorem
1358 2961 1413 3012 huc

253 3031 393 3098 inrepsisse.
430 3028 502 3080 Nam
515 3031 556 3097 qui
573 3027 609 3081 ibi
626 3032 652 3083 in
667 3030 691 3082 G
707 3041 920 3082 commemoratur
933 3029 1033 3082 Busiris
1042 3031 1137 3095 frater
1152 3037 1211 3080 erat
1223 3029 1322 3080 Antaei
1338 3031 1412 3083 ideo-

253 3119 298 3168 que
315 3103 382 3152 inu.
397 3115 446 3168 399
460 3098 540 3152 locum
556 3099 639 3153 habet.
676 3100 772 3153 Contra
790 3102 881 3153 Atrax
894 3110 969 3169 pater
986 3100 1167 3168 Hippodamiae
1185 3097 1270 3165 (Lact.
1283 3100 1323 3150 ad
1337 3100 1413 3155 Stat.

253 3172 326 3224 Theb.
344 3172 366 3222 I.
383 3169 443 3236 106)
463 3181 555 3239 nuptae
573 3172 707 3224 Pirithoo:
737 3171 800 3224 unde
816 3172 854 3223 ad
871 3187 920 3235 403
940 3172 1071 3238 suspiceris
1093 3172 1214 3238 seriptum
1226 3170 1315 3233 fuisse
1334 3172 1362 3222 in
1387 3174 1413 3225 G

254 3243 341 3294 Atrax
360 3240 502 3292 Euritiona
520 3241 690 3293 Centaurum
712 3240 851 3293 interiecit
868 3241 931 3308 quia
948 3239 1067 3292 ducebat
1087 3237 1300 3307 Hippodamiam
1321 3239 1413 3294 liliam

255 3311 417 3365 Dexameni.
454 3311 500 3377 qui
522 3316 618 3378 postea
637 3309 798 3364 interfectus
817 3316 859 3364 est
877 3311 911 3364 ab
931 3310 1053 3363 Hercule
1075 3326 1125 3377 pro
1145 3309 1249 3362 eadem.
1286 3310 1363 3377 Quae
1387 3316 1414 3365 si

253 3401 316 3435 uera
329 3392 395 3446 sunt,
409 3382 501 3434 Atrax
512 3400 530 3432 a
542 3381 680 3434 scholiasta
693 3393 739 3434 aut
751 3400 799 3434 non
811 3393 931 3450 cognatus
941 3381 1123 3449 Hippodamiae
1134 3391 1180 3433 aut
1193 3390 1257 3433 certe
1268 3398 1318 3432 non
1327 3392 1414 3448 pater

246 3453 332 3518 fuisse
339 3450 462 3519 fingitur,
475 3451 682 3519 quemadmodum
694 3453 839 3505 Dexameni
846 3453 910 3520 filia
923 3451 1072 3521 Apollodoro
1090 3461 1127 3503 est
1142 3450 1322 3515 Mnesimache,
1339 3453 1414 3504 Dio-

254 3524 314 3574 doro
329 3522 465 3590 Hippolyte,
481 3520 604 3589 plerisque
620 3522 756 3575 Deianira.
792 3524 879 3575 Nimis
900 3523 1004 3588 confusa
1024 3533 1083 3575 sunt
1102 3541 1164 3589 quae
1185 3518 1277 3573 habent
1297 3521 1321 3573 G
1338 3525 1414 3578 Ask.

254 3591 393 3647 Pimaluus
407 3589 566 3658 (Perimeles
575 3589 651 3659 Ask.)
665 3591 751 3645 frater
763 3592 861 3646 Antaei
873 3592 992 3660 hospites
1004 3609 1067 3647 suos
1079 3594 1153 3660 prius
1165 3591 1228 3643 lotis
1239 3589 1358 3657 pedibus
1371 3594 1413 3648 de

256 3661 373 3730 quadam
386 3676 449 3712 arce
462 3660 673 3728 praecipitabat:
693 3663 739 3729 qui
757 3662 828 3716 idem
845 3670 938 3730 postea
957 3679 1049 3731 passus
1063 3668 1106 3716 est
1122 3662 1157 3714 ab
1170 3660 1292 3713 Hercule
1309 3673 1336 3714 et
1353 3666 1413 3720 cod.

256 3732 393 3800 Saluagnii
411 3749 468 3783 cum
486 3732 523 3784 ed.
542 3734 629 3784 Paris.
646 3745 711 3797 1573
730 3733 889 3801 Pygmalion
901 3733 988 3787 frater
1000 3733 1097 3786 Antaei
1113 3733 1234 3800 hospites
1249 3747 1313 3783 suos
1330 3735 1414 3800 prius

256 3802 318 3855 lotis
331 3801 445 3870 pedibus
458 3802 486 3853 in
500 3801 648 3855 Parthenio
668 3818 780 3856 nemore
797 3804 941 3857 occidebat
960 3809 1024 3857 ante
1039 3819 1108 3870 aras,
1121 3803 1195 3871 quod
1208 3808 1250 3855 est
1262 3817 1358 3869 passus
1372 3807 1412 3859 ab

255 3872 379 3927 Hercule
393 3871 436 3942 [ut
452 3872 518 3925 dicit
539 3872 701 3942 Homerus].
738 3876 775 3928 Et
794 3886 878 3928 tamen
895 3876 1046 3943 Pygmalion
1057 3879 1150 3940 frater
1167 3874 1294 3926 Busiridis
1309 3875 1413 3930 dicitur

254 3945 288 4000 ab
296 3945 394 4013 Hygino
403 3947 445 4010 56,
453 3943 672 4012 et'Philae-gyrius
683 3945 721 3998 ad
729 3946 759 3999 G.
772 3949 823 3999 ΙΙΙ.
835 3963 849 4010 5
860 3947 922 3999 haec
931 3945 1006 3999 habet
1018 3945 1072 3997 Per
1084 3951 1150 3997 octo
1163 3959 1248 3997 annos
1259 3944 1412 4001 sterilitate

254 4019 381 4085 Aegypto
394 4016 536 4068 laborante
550 4014 708 4083 Pygmalion
722 4016 837 4085 Cyprius
854 4016 936 4069 finem
953 4015 1076 4069 futurum
1091 4031 1146 4069 non
1159 4015 1198 4067 ait
1210 4014 1260 4066 nisi
1272 4017 1411 4080 sanguine

253 4087 367 4155 hospitis
379 4088 486 4140 litatum
499 4084 603 4139 fuisset.

256 4196 258 4200 »
290 4176 351 4224 401.
369 4156 508 4211 Dionisius
521 4158 550 4211 C.

291 4247 360 4295 404.
370 4227 470 4298 Atrax]
483 4228 623 4283 BusirisG
660 4228 719 4282 Vide
730 4229 767 4282 ad
780 4246 829 4294 399
867 4225 1001 4298 Echione]
1015 4229 1065 4281 imo
1078 4227 1224 4281 Euritiona
1267 4225 1410 4283 Hercules

254 4301 339 4354 om.C
389 4301 522 4352 uesumC
582 4298 733 4354 deianiraC
789 4299 962 4353 hebanumC
1021 4299 1211 4352 hemicionaC
1271 4297 1374 4363 peritoi
1388 4301 1414 4354 C

254 4371 384 4438 ypocacie
396 4371 440 4424 uel
450 4371 541 4423 domie
553 4385 617 4422 cum
630 4369 672 4424 ille
685 4369 811 4423 henricus
822 4371 867 4423 uel
876 4369 965 4423 domis
977 4370 1107 4439 innuptiis
1116 4369 1200 4422 uellet
1212 4367 1328 4436 periteio
1339 4385 1410 4423 cum

254 4456 319 4507 ergo
332 4442 426 4509 Cquae
437 4454 474 4495 est
486 4460 558 4494 mera
571 4443 673 4494 iteratio
741 4440 907 4495 desinianiC
967 4440 1180 4494 delameniAsk.
1239 4437 1410 4495 desiniemus
