3082 4980
553 392 881 455 PROLEGOMENA.
915 430 919 434 ·
1251 390 1291 450 xli

141 557 191 614 ubi
211 553 347 614 ludorum
365 555 490 630 origines
509 554 704 618 Callimachus
725 573 855 613 narrasse
873 553 997 612 creditor
1016 572 1033 610 a
1051 551 1241 627 Bemhardyo
1261 560 1291 609 et

142 636 330 708 Schneidem,
347 637 441 712 potuit
461 636 497 694 de
514 635 635 695 Nemeis
653 637 776 712 loquens
795 636 975 693 mentionem
997 634 1102 692 inicere
1119 633 1290 692 Archemori

142 718 200 790 (lb.
223 718 312 796 483);
344 718 381 776 de
405 717 541 788 Isthmiis,
566 718 637 776 Inus
662 727 691 775 et
716 717 882 793 Melicertae
904 714 961 793 (lb.
984 713 1074 793 497);
1105 715 1141 773 de
1162 711 1290 789 Argiuis,

142 799 246 859 Glauci
261 799 424 858 Potniensis
439 796 495 875 (lb.
512 795 593 876 555),
608 798 775 857 Danaidum
786 796 882 876 (355),
898 797 1068 856 Psamathes
1082 796 1148 854 Lini
1163 795 1291 854 Coroebi

140 881 198 960 (Ib.
222 894 290 955 573,
314 883 382 952 480,
405 877 486 957 575),
508 881 544 938 de
566 880 691 952 Troicis,
713 880 839 939 Patrocli
860 879 916 958 (lb.
940 876 1021 956 375).
1064 877 1144 936 ΝοΙο
1167 877 1291 934 nimium

140 963 270 1020 insistere
285 962 444 1038 ambiguis;
467 979 521 1020 nec
535 979 603 1020 cum
615 961 795 1020 Schneidero
809 964 964 1033 ἀεροβατᾶν.
998 959 1074 1018 Satis
1088 969 1187 1018 tamen
1202 959 1290 1016 etiam

139 1062 177 1102 ex
207 1043 295 1100 Anth.
322 1043 353 1102 P.
375 1043 420 1101 vii.
447 1061 483 1114 42
511 1043 669 1102 edocemur
693 1054 764 1119 quot
791 1042 908 1119 mythos
935 1041 1162 1118 mythorumque
1186 1057 1291 1099 causas

140 1125 231 1183 Aetiis
246 1125 304 1184 suis
319 1118 515 1183 Callimachus
529 1125 688 1182 intexuerit.

344 1210 406 1261 Τοῖα
425 1208 475 1278 γὰρ
496 1207 573 1275 ἄμμιν
593 1208 696 1279 ἔφανας,
718 1207 734 1260 d
754 1206 776 1260 τ’
798 1208 827 1261 οὗ
848 1208 929 1278 πάρος
949 1206 1034 1278 ἀνέρες
1055 1203 1136 1276 ἴδμεν,

386 1288 468 1359 Ἀμφί
489 1310 517 1343 τε
537 1288 685 1358 ἀθανάτους,
706 1288 774 1360 ἀμφί
793 1311 821 1341 τε
842 1287 968 1357 ἡμιθέους,

345 1367 413 1424 Εὗτέ
431 1392 475 1438 μιν
496 1371 523 1423 ἐκ
544 1367 639 1437 Λιβύης
660 1370 777 1439 ἀναείρας
797 1369 833 1425 εἷς
852 1368 976 1423 Ἑλικῶνα

378 1448 497 1523 Ἠγαγες
517 1451 544 1504 έν
563 1449 674 1518 μέσσαις
693 1452 846 1520 Πιερίδεσσι
859 1450 955 1520 φέρων,

346 1534 377 1584 At
398 1531 426 1584 δέ
448 1533 473 1584 οί
493 1530 613 1604 είρομένῳ
632 1531 696 1604 ἀμφ’
713 1531 829 1603 ὦγνγίων
848 1531 936 1600 ἡρώων

387 1609 461 1666 Α’ίτια
481 1614 522 1666 καὶ
540 1614 659 1682 μακάρων
678 1607 747 1684 είρον
763 1612 937 1681 ἀμειβόμεναι.

184 1686 248 1750 lam
264 1693 287 1751 si
302 1710 370 1750 cum
384 1692 467 1750 Ibide
482 1690 617 1750 conferas
627 1690 735 1750 Tristia
749 1701 778 1750 et
791 1690 938 1767 Epistulas
949 1710 984 1749 ex
999 1690 1105 1759 Ponto,
1117 1709 1291 1751 communes

143 1792 210 1832 cum
230 1773 285 1832 hac
305 1783 397 1832 certas
413 1773 555 1849 quasdam
576 1773 708 1831 inuenies
729 1772 847 1842 fabulas,
865 1782 895 1831 ut
915 1772 951 1833 de
970 1771 1095 1849 Telephi
1116 1773 1199 1833 hasta
1217 1793 1292 1850 quae

142 1854 285 1914 Achillem
301 1855 404 1914 eadem
419 1854 581 1913 uulnerauit
595 1863 624 1912 et
638 1855 750 1914 sanauit
764 1852 819 1934 (lb.
832 1867 898 1928 255,
911 1854 999 1914 Trist.
1011 1855 1029 1912 i.
1045 1873 1069 1912 1.
1082 1874 1130 1929 99,
1140 1856 1167 1913 ii.
1184 1874 1229 1929 19,
1244 1874 1290 1926 2ο,

141 1934 226 1994 Pont.
246 1936 274 1994 ii.
297 1955 322 1993 2.
345 1936 405 2015 26),
427 1936 463 1994 de
485 1935 626 2005 Busiride,
646 1935 814 2012 Antiphate,
837 1935 1030 2007 Cassandreo,
1048 1936 1132 1995 Alex.
1150 1935 1291 2006 Pherae0,

142 2016 301 2088 Phalaride,
325 2016 573 2088 Theromedonte,
594 2016 693 2085 Atreo,
715 2017 861 2076 Diomede
880 2017 976 2096 (Pont.
994 2017 1031 2076 iii.
1047 2020 1072 2076 6.
1090 2036 1199 2090 41-44‚
1219 2018 1246 2076 ii.
1263 2037 1290 2092 9.

143 2117 252 2170 41-44,
270 2100 289 2156 i.
307 2118 333 2157 2.
350 2096 401 2176 53)
420 2099 456 2156 de
475 2098 626 2157 Encelado
648 2100 703 2157 suh
720 2100 816 2157 Aetna
837 2097 977 2176 sepulto*
995 2097 1053 2177 (lb.
1070 2112 1138 2173 597,
1161 2100 1244 2158 Pont.
1263 2100 1290 2156 ii.

145 2198 190 2238 10.
209 2178 268 2257 24),
283 2180 319 2238 de
337 2179 463 2238 flammis
481 2180 511 2237 in
529 2197 579 2238 ara
593 2180 720 2239 Eteoclis
735 2188 764 2239 et
778 2179 924 2256 Polynicis
943 2198 1104 2255 numquam
1119 2181 1291 2239 coeuntibus

142 2259 198 2338 (lb.
215 2276 262 2335 35,
278 2260 364 2320 Trist.
380 2280 407 2319 ν.
423 2275 450 2333 5.
468 2256 526 2337 33),
547 2261 583 2320 de
598 2261 717 2320 Scirone
736 2261 834 2320 Sinide
849 2261 1048 2339 Polypemone
1068 2279 1142 2338 quos
1156 2260 1291 2321 Theseus

142 2343 278 2400 exstinxit
293 2339 389 2420 (Pont.
405 2342 440 2400 iv.
459 2361 504 2400 10.
522 2356 567 2417 79,
584 2346 632 2412 80,
647 2343 689 2400 Ib.
706 2339 873 2420 407-412).

183 2422 299 2481 Harum
314 2423 336 2481 si
351 2441 409 2481 una
424 2433 511 2495 certe,
523 2423 560 2482 de
570 2423 696 2482 flammis
707 2425 736 2482 in
748 2442 798 2482 ara
809 2424 926 2483 fratrum
937 2442 1097 2501 numquam
1109 2426 1290 2496 coeuntibus,

142 2523 178 2562 ex
194 2503 374 2563 Callimacho
393 2514 508 2579 sumpta
525 2514 576 2575 est,
591 2523 653 2563 non
672 2505 788 2565 aliunde
805 2507 891 2565 etiam
911 2514 1023 2565 ceterae
1041 2506 1107 2564 duci
1126 2515 1290 2582 potuerunt.

143 2586 275 2662 Suntque
296 2587 402 2662 pariter
419 2586 493 2645 Ibidi
509 2584 654 2646 Tristibus
674 2586 814 2663 Epistulis
835 2588 1003 2647 communia
1025 2606 1092 2646 cum
1112 2587 1290 2648 Callimacho

141 2685 217 2743 quae
239 2667 275 2726 de
296 2669 412 2726 candore
433 2685 486 2726 suo
505 2666 605 2745 (Trist.
625 2687 650 2727 v.
670 2689 696 2742 3.
718 2683 765 2744 53,
787 2669 871 2729 Pont.
893 2669 928 2727 iv.
947 2688 992 2741 14.
1008 2688 1056 2743 43,
1078 2669 1122 2727 Ib.
1143 2666 1183 2746 8),
1204 2670 1293 2728 labore

141 2749 326 2807 inimicorum
347 2749 429 2808 iterat
447 2747 571 2809 Ouidius
586 2748 683 2828 (Pont.
697 2751 735 2809 iii.
752 2770 778 2826 3.
797 2769 862 2820 101,
880 2751 914 2808 iv.
936 2753 980 2821 16,
997 2750 1057 2829 47).
1100 2750 1179 2810 Nam
1198 2750 1291 2827 Apol-

141 2830 252 2890 lonium
264 2829 460 2889 Callimachus
475 2849 535 2890 non
551 2832 640 2890 semel
655 2840 804 2908 tamquam
819 2833 862 2890 sui
876 2832 1007 2891 inuidum
1023 2832 1122 2908 tetigit,
1134 2842 1166 2889 ut
1181 2830 1221 2890 H.
1233 2832 1290 2908 Ap.

146 2925 212 2986 107,
230 2910 286 2987 Ep.
304 2929 318 2967 2
324 2931 349 2986 3.
367 2931 384 2983 4
398 2913 428 2967 ‘O
443 2911 465 2968 δ’
481 2917 568 2983 ἤεισεν
582 2916 711 2986 κρέσσονα
730 2916 877 2984 βασκανίας,
894 2913 926 2970 fr.
944 2932 999 2987 292
1015 2913 1136 2984 Ἐλλετε,
1151 2917 1291 2983 βασκανίη1

142 2994 220 3050 ὀλοὸν
232 2994 313 3064 γένος.
356 2992 512 3052 Eodemne
526 2993 692 3053 reuocanda
706 2994 763 3051 sint
776 3002 819 3052 tot
833 2994 974 3070 supplicia
988 3002 1156 3068 repertorum
1170 3012 1246 3069 quae
1260 2994 1290 3052 iu

143 3073 290 3133 Ouidiana
304 3074 386 3133 Ibide
402 3080 695 3145 commemorantur,†
710 3093 771 3132 non
791 3075 963 3133 affirmarim.
1006 3074 1076 3132 Duo
1091 3086 1167 3133 certe
1185 3075 1291 3134 horum

141 3173 250 3230 genera
277 3155 334 3215 illic
359 3156 541 3232 proueniunt.
592 3153 637 3233 (1)
665 3154 783 3213 Artium
810 3165 979 3233 repertores.
1022 3155 1213 3214 Prometheus
1241 3157 1291 3232 qui
1394 3179 1402 3189 ·

143 3240 241 3312 ignem
256 3237 367 3295 inuenit
380 3237 424 3295 Ib.
442 3255 509 3310 291,
529 3236 633 3296 Perdix
654 3237 703 3313 qui
723 3255 830 3295 serram
851 3240 919 3312 498,
935 3236 1099 3313 Thamyras
1116 3238 1165 3313 qui
1184 3237 1290 3297 modos

141 3317 249 3377 Dorios
276 3332 343 3394 272,
372 3317 523 3394 Amphion
552 3318 601 3394 qui
630 3318 740 3394 Lydios
766 3322 834 3394 583,
863 3318 995 3394 Marsyas
1020 3318 1069 3395 qui
1097 3318 1239 3394 Phrygios
1262 3329 1291 3378 et

142 3399 276 3474 geminas
303 3400 388 3458 tibias
414 3413 481 3473 552,
510 3400 706 3477 Amphiaraus
733 3403 784 3477 qui
811 3401 963 3477 ignispicia
989 3415 1057 3475 354,
1086 3398 1213 3458 Tiresias
1241 3402 1290 3478 qui

143 3482 271 3556 auspicia
295 3482 394 3540 auium
420 3484 487 3556 263,
512 3480 633 3558 Lycaon
658 3481 708 3558 qui
732 3482 863 3540 inducias
888 3492 917 3541 et
939 3483 1024 3540 ludos
1046 3482 1199 3558 gymnicos
1221 3496 1290 3558 327,

142 3561 242 3620 Icarus
267 3563 317 3639 qui
340 3563 442 3620 uinum
467 3562 562 3622 lacere
585 3566 652 3635 611,
678 3562 848 3622 Palamedes
873 3565 921 3640 qui
946 3565 1061 3634 litteras,
1083 3563 1205 3640 uigilias,
1227 3565 1291 3624 alea

141 3642 240 3701 ludere
256 3645 324 3718 619,
339 3644 531 3703 Archilochus
546 3645 595 3722 qui
615 3646 746 3704 iambum
762 3658 829 3720 525,
846 3644 974 3705 Glaucus
991 3645 1041 3723 qui
1059 3644 1179 3704 herbam
1197 3647 1291 3703 ἀθανα-

143 3727 203 3782 σίας
228 3728 296 3798 556,
322 3724 458 3801 Orpheus
486 3727 536 3801 qui
563 3726 671 3785 inlicito
700 3744 801 3786 amore
828 3729 870 3786 uti
895 3729 963 3786 600.
1006 3725 1052 3806 (a)
1077 3726 1290 3803 Suppliciorum.

143 3803 283 3864 Thrasius
315 3808 396 3864 sacri
426 3814 574 3866 mostralor
607 3810 702 3883 miqui
736 3821 804 3884 397,
839 3809 958 3868 Perillus
992 3817 1033 3866 et»
1054 3808 1181 3901 Phalaris
1210 3823 1292 3883 437-

174 4003 189 4038 *
206 4002 297 4050 Gallim.
310 4003 337 4050 fr.
350 4005 397 4064 382
409 4002 548 4068 Τριγλώχιν
560 4001 625 4066 ὀλοῷ
637 4003 712 4064 νῆσος
724 4001 759 4050 ἐπ’
771 4001 918 4066 Ἐγκελάδῳ.

175 4067 278 4128 †Q1ae
290 4078 396 4116 secuntur
408 4072 491 4131 sumpsi
504 4087 533 4117 ex
544 4071 602 4118 Plin.
614 4072 645 4118 H.
654 4070 684 4118 N.
696 4071 735 4118 vii.
749 4083 792 4132 191
807 4086 855 4131 sqq.
890 4070 931 4116 Sed
944 4069 1078 4128 scripserunt
1089 4067 1141 4131 περὶ
1153 4067 1291 4131 εὑρημάτων
1380 4132 1387 4136 ,

142 4134 269 4193 conplures,
281 4149 338 4194 quos
349 4145 452 4182 recenset
464 4144 516 4195 post
533 4136 662 4182 Bentleium
675 4136 836 4196 (Dissertation
849 4150 910 4196 upon
922 4133 1022 4180 Phalaris
1033 4135 1056 4181 ii.
1070 4149 1092 4194 p.
1107 4133 1153 4182 126
1165 4136 1201 4184 ed.
1213 4137 1290 4200 Dyce)

142 4199 166 4245 in
177 4199 254 4246 libello
262 4200 298 4245 De
308 4199 400 4248 Rerum
408 4203 561 4248 Inuentarum
569 4200 721 4261 Scriptoribus
732 4202 827 4247 Graecis
835 4200 1012 4261 Christophorus
1025 4198 1157 4253 Brusslrem,
1165 4201 1291 4250 Simonides

143 4264 211 4320 Ceus,
224 4265 337 4326 -Ephorus
355 4266 480 4321 Cumanus,
498 4265 639 4322 Aristoteles,
660 4267 791 4313 Heraclides
807 4267 923 4323 Ponticus,
942 4263 1122 4324 Theophrastus,
1142 4265 1291 4316 Philochorus

115 4379 117 4382 ,
143 4330 297 4385 Atheniensis,
306 4331 382 4378 Strato
392 4333 567 4391 Lampsacenus,
574 4331 656 4377 Scamo
669 4331 830 4392 Mitylenaeus,
841 4331 991 4390 Antiphanes,
1001 4330 1118 4390 Cydippus
1130 4331 1291 4389 Mantinensis‚

141 4396 281 4442 Aristodemi
299 4397 353 4452 duo,
371 4397 478 4444 Clemens
495 4396 676 4451 Alexandrinos;
699 4398 779 4456 quibos
794 4398 852 4443 adde
867 4396 986 4460 Hyginum
1002 4396 1059 4444 Fab.
1071 4403 1120 4459 374
1137 4404 1160 4444 et
1179 4404 1234 4461 277,
1250 4401 1290 4461 qui

141 4461 209 4508 exiis
221 4476 279 4522 quos
291 4461 387 4509 Ouidius
399 4462 537 4510 memorauit
549 4476 620 4508 unum
632 4461 748 4509 Perdicem
760 4464 872 4509 nominat.
1074 4459 1077 4468 ”
