3082 4980
217 393 285 456 xxiv
488 474 492 479 ·
630 391 957 453 PROLEGOMENA.

217 553 274 611 tria
294 550 418 611 nomina
437 566 499 608 non
523 549 711 624 coniungere,
733 550 787 609 sed
810 568 903 610 unum
924 559 1037 609 tantum
1063 559 1113 609 aut
1132 558 1210 609 certe
1231 548 1290 609 duo
1311 567 1378 608 non

218 633 381 704 excedere3
411 630 650 707 distinguendum
674 631 760 707 igitur
780 642 848 706 post
868 630 1011 704 Seuerum,
1034 642 1065 690 ut
1086 631 1289 708 Longulanus'
1301 631 1378 690 alius

219 717 285 792 quis
300 724 329 773 et
344 713 463 790 quidem
477 713 596 788 ignotus
611 713 655 771 sit.
694 711 785 782 Quod
800 731 978 790 quamquam
992 722 1104 773 certum
1117 731 1179 771 non
1193 723 1245 784 est,
1259 730 1329 770 nam
1342 721 1378 770 ut

219 796 293 854 nihil
306 796 402 854 dicam
416 794 454 853 de
468 794 511 852 M.
523 793 616 852 Accio
631 792 743 863 Plauto,
758 794 847 854 habet
863 795 953 853 index
966 795 1029 853 libri
1043 796 1072 854 iii
1086 795 1123 852 L.
1138 795 1219 852 Ateio
1234 793 1376 869 Capitone,

220 878 297 937 adeo
317 886 416 936 tamen
437 885 482 934 est
500 893 572 933 uero
589 875 687 949 ,simile
704 884 736 933 ut
749 874 882 934 Brunnio
898 873 947 954 (de
961 876 1048 936 Auct.
1063 876 1128 935 Ind.
1145 876 1218 934 Plin.
1233 894 1262 953 p.
1278 873 1329 953 43)
1345 884 1377 935 et

220 957 393 1017 Detlefseno
408 957 450 1015 sic
463 957 561 1033 potius
576 956 846 1032 interpungentibus
860 956 943 1016 facile
958 957 1123 1034 adstipuler.

262 1040 317 1099 Est
344 1039 395 1116 qui
423 1057 440 1096 a
466 1037 580 1096 Seneca
603 1038 634 1095 in
656 1037 870 1098 Controuersiis
898 1040 1015 1116 saepius
1039 1058 1107 1098 cum
1130 1038 1235 1098 Cassio
1261 1037 1376 1097 Seuero

221 1131 408 1190 memoratur,
430 1121 476 1177 uir
496 1136 559 1178 non
583 1119 731 1178 dissimilis
750 1119 868 1194 ingenii,
890 1120 928 1179 T.
951 1120 1105 1179 Labienus,
1148 1121 1185 1178 In
1205 1121 1263 1179 hoe
1283 1119 1378 1178 multa

223 1212 291 1262 sunt
305 1219 380 1278 quae
394 1201 425 1258 in
438 1201 525 1260 ibide
542 1201 733 1278 requiruntur.
777 1201 844 1260 Sen.
860 1200 946 1261 Cont.
962 1220 981 1260 x
996 1202 1086 1261 Praei
1104 1223 1121 1275 4
1136 1203 1183 1260 De
1199 1201 1234 1259 T.
1250 1200 1377 1260 Labieno

223 1284 426 1359 interrogatis?
446 1283 613 1340 declamauit
623 1301 677 1340 non
690 1282 797 1357 quedem
813 1284 920 1358 populo,
935 1285 984 1340 sed
993 1286 1107 1360 egregie.
1151 1303 1205 1342 non
1218 1282 1380 1342 admittebat

215 1365 350 1442 populum
361 1370 387 1421 et
398 1365 464 1439 quia
477 1365 595 1422 noredum
609 1364 675 1422 baec
685 1366 844 1422 consuetudo
853 1372 917 1422 erat
928 1365 1042 1424 inducta
1052 1371 1078 1424 et
1089 1367 1155 1440 quia
1166 1365 1284 1441 putabat
1295 1370 1378 1439 turpe

222 1468 255 1505 ac
257 1447 389 1523 friuolae
402 1446 567 1504 eactatemeis.
609 1446 764 1523 adfectauit
775 1447 845 1503 enim
859 1449 1011 1504 censorium
1026 1449 1210 1522 supercilium,
1224 1446 1377 1505 cumatius

223 1530 317 1586 animo
330 1534 416 1586 esset:
434 1546 554 1604 magnus
571 1533 666 1585 orator
683 1527 737 1601 qui
750 1528 838 1584 multa
852 1528 1039 1602 empede'menta
1052 1530 1194 1598 eluctatus,
1209 1528 1377 1603 adfamam

223 1611 321 1686 ingeni
332 1607 520 1683 confitentibus
530 1609 623 1684 magis
632 1608 789 1667 homiuibus
795 1617 963 1683 peruenerat
971 1629 1055 1688 quam
1065 1611 1223 1669 uolentibus
1246 1626 1378 1668 summa

224 1700 359 1768 egestas
380 1699 462 1760 erat,
485 1707 615 1748 summa
635 1688 785 1761 infamia,
808 1708 973 1749 summum
993 1691 1118 1749 odium.
1161 1710 1265 1768 magm
1285 1695 1377 1747 autem

223 1773 297 1831 debet
308 1792 363 1830 esse
376 1773 525 1847 eloquentia
538 1791 606 1846 quae
623 1773 724 1829 enuites
734 1772 870 1846 placeat,·
891 1779 988 1830 etcum
1002 1774 1115 1850 eugenia
1122 1775 1221 1851 fauor
1232 1773 1377 1830 bominum

223 1855 352 1924 ostendat,
363 1856 459 1933 sanor
473 1855 541 1923 alat,
556 1859 689 1929 quantam
703 1854 761 1911 uim
775 1872 830 1911 esse
843 1858 948 1928 oportet
962 1873 1031 1928 quae
1045 1857 1118 1913 enter
1133 1855 1271 1912 abstantia
1284 1872 1377 1911 erum-

219 1939 296 2012 patt
315 1954 390 1993 nemo
406 1941 469 1992 erat
481 1935 533 2010 qui
549 1953 603 1992 non
623 1953 683 1991 cum
700 1934 812 1992 bomim'
826 1936 919 1992 omnia
933 1936 1052 2006 obiceret,
1067 1937 1175 2012 eugenio
1189 1937 1306 1993 multum
1320 1937 1376 1992 tri-

223 2017 321 2075 baeret.
365 2016 440 2075 color
460 2018 595 2074 orationis
615 2018 753 2090 antiquae,
775 2017 858 2092 uigor
878 2035 972 2088 nouae,
994 2018 1083 2075 cultus
1103 2020 1176 2076 enter
1195 2023 1321 2075 nostrum
1342 2036 1379 2074 ac

218 2101 303 2174 prius
311 2099 448 2156 saeculum
460 2098 571 2169 medens,
583 2104 616 2154 ut
627 2098 707 2154 ellum
717 2104 808 2171 posset
818 2105 935 2174 utraque
940 2107 1015 2172 pars
1024 2099 1081 2158 sibi
1091 2100 1241 2157 memdicare.
1262 2097 1378 2156 libertas

223 2187 310 2252 tanta,
325 2187 358 2237 ut
369 2178 506 2237 libertatis
519 2196 614 2235 nomen
627 2179 768 2237 excederet
778 2185 809 2250 et,
825 2179 902 2256 quia
916 2180 1042 2256 passim
1056 2181 1191 2239 ordines
1204 2178 1377 2238 homines-

225 2279 290 2340 que
311 2261 469 2333 laniabat,
491 2257 619 2318 Rabies
638 2268 822 2319 uocaretur
829 2279 838 2333 ;
866 2263 979 2319 amemus
998 2263 1070 2320 inter
1088 2264 1160 2320 uitia
1180 2263 1277 2338 engens
1294 2267 1321 2318 et
1338 2262 1382 2318 ad

223 2343 433 2401 semilitudinem
455 2342 553 2416 eugeni
573 2343 623 2398 sui
640 2341 774 2399 ueobntus
794 2344 847 2417 qui
862 2340 1045 2418 Pompeianos
1064 2345 1183 2420 spiritus
1202 2343 1322 2402 nondum
1344 2344 1378 2399 iu

223 2431 303 2482 tanta
313 2435 381 2500 pace
387 2424 531 2498 posuisset.
574 2424 606 2479 in
625 2423 675 2481 boc
682 2425 809 2497 primum
824 2427 981 2501 excogitata
994 2431 1036 2482 est
1046 2444 1119 2483 noua
1128 2435 1232 2500 poena:
1255 2423 1377 2500 effectum

223 2512 265 2564 est
275 2509 347 2564 enim
356 2515 409 2581 per
424 2506 549 2562 inimicos
561 2505 620 2562 eius
634 2511 667 2560 ut
678 2523 767 2562 omnes
780 2505 852 2563 lebri
862 2505 1099 2565 comburerentur:
1120 2526 1164 2565 res
1177 2525 1248 2564 noua
1262 2512 1289 2562 et
1301 2507 1378 2562 inui-

223 2590 309 2645 sitato
326 2586 492 2661 supplicium
511 2587 542 2642 de
556 2586 659 2642 studiis
676 2587 759 2646 sumi.
801 2587 866 2645 bono
884 2588 1007 2646 hercules
1021 2588 1133 2662 publico
1152 2590 1207 2645 esta
1228 2589 1258 2645 in
1274 2596 1378 2661 poenas

225 2671 367 2745 ingeniosa
377 2668 527 2725 crudelitas
535 2674 601 2741 post
610 2665 766 2724 Ciceronem
778 2670 890 2726 inuenta
900 2676 958 2749 ests
969 2670 1039 2744 qued
1044 2671 1116 2727 enim
1117 2671 1258 2748 futurum
1261 2670 1338 2747 suit,
1348 2671 1382 2726 si

225 2751 389 2809 triumuiris
401 2748 526 2806 tabuisset
536 2754 563 2804 et
574 2749 715 2823 engeneiem
727 2748 869 2808 Ciceronis
876 2751 1070 2825 proscriberet
1089 2758 1156 2808 sunt
1164 2752 1197 2808 di
1208 2751 1378 2808 e'mmortales

225 2833 295 2890 lenti
304 2831 412 2907 quedem
426 2831 475 2889 sed
483 2832 555 2887 certi
565 2831 687 2887 uindices
698 2833 810 2906 generis
823 2833 945 2889 leumani
954 2839 981 2889 et
992 2850 1096 2907 magna
1109 2833 1238 2909 exempla
1252 2834 1282 2888 in
1295 2838 1381 2906 caput
1399 2827 1405 2903 J

225 2914 421 2972 mueniente'um
435 2918 567 2988 regeruut
578 2931 613 2969 ac
627 2913 780 2970 iustissima
796 2914 925 2987 patiendi
934 2915 992 2970 uice
1008 2914 1081 2988 quod
1097 2916 1211 2989 que'sque
1222 2914 1311 2971 aliena
1324 2930 1377 2970 ex·

224 2997 360 3072 cogitauit
370 2995 502 3070 supplicio
511 3002 589 3069 saepe
601 2995 701 3068 expiat
711 3012 768 3052 suo.
800 3012 869 3069 quae
882 3013 937 3066 uos,
950 2996 1147 3052 dementissimi
1156 2995 1286 3064 bome'nes,
1297 2999 1377 3051 tanta

225 3077 353 3135 uecordia
373 3078 490 3152 agitate'
519 3086 624 3151 parum
641 3076 766 3133 uidelicet
782 3077 812 3133 in
827 3086 931 3151 poenas
949 3083 1026 3134 notae
1042 3077 1215 3134 crudelitatis
1234 3082 1288 3134 est:
1313 3094 1378 3133 con·

224 3160 328 3234 quirite
342 3160 373 3215 in
387 3163 490 3215 uosmet
506 3159 579 3233 ipsos
593 3176 665 3215 noua
679 3157 778 3232 quibus
794 3159 921 3231 pereatis,
935 3164 962 3214 et
977 3160 1007 3215 si
1021 3159 1092 3232 qued
1100 3158 1135 3217 ab
1149 3160 1227 3215 omni
1236 3158 1377 3233 patientia

224 3259 319 3299 rerum
340 3245 445 3298 natura
465 3238 611 3309 subduxit,
630 3241 703 3296 sieut
722 3240 862 3315 ingenium
883 3241 1092 3314 memoriamque
1111 3241 1239 3310 nomenis,
1259 3241 1378 3297 enuene'te

224 3322 446 3398 quemadmodum
457 3321 594 3379 reducatis
605 3321 645 3377 ad
654 3321 764 3378 eandem
774 3339 832 3377 rem
846 3322 970 3395 corporis
983 3321 1066 3378 mala.
1084 3323 1182 3399 facem
1197 3322 1298 3378 studiis
1311 3320 1377 3378 sub-

225 3405 286 3462 dere
296 3411 323 3460 et
331 3405 362 3462 in
372 3408 544 3460 monumenta
554 3402 766 3475 disceplinarum
781 3403 1000 3460 animaduertere
1010 3409 1113 3476 quanta
1123 3409 1150 3460 et
1157 3421 1239 3477 quam
1250 3420 1304 3459 non
1314 3421 1377 3459 con-

225 3489 398 3559 tentacetera
412 3483 531 3540 materia
543 3483 662 3539 saeuitia
675 3483 740 3540 esti
761 3481 803 3539 Di
817 3482 946 3553 melius
957 3484 1031 3559 quod
1040 3503 1068 3542 eo
1081 3485 1186 3542 saeculo
1200 3486 1254 3541 ista
1268 3484 1377 3559 engeni-

224 3584 305 3625 orum
319 3565 454 3640 supplicia
467 3569 610 3639 coeperunt
620 3581 671 3638 quo
690 3565 802 3639 engem'a
820 3565 980 3623 desierunt!
1007 3567 1065 3622 eius
1079 3569 1131 3640 qui
1141 3566 1214 3624 banc
1227 3567 1258 3622 in
1272 3566 1378 3639 scripta

226 3646 351 3706 Labieni
367 3645 526 3703 sententiam
545 3644 665 3701 de'oeerat
677 3651 771 3719 postea
784 3646 904 3703 ueieentis
920 3646 1011 3704 adbuc
1028 3649 1133 3721 scripta
1146 3646 1274 3706 conbusta
1292 3653 1377 3715 sunt,·
1449 3643 1451 3646 ⁴

227 3731 285 3788 eam
300 3745 354 3785 non
368 3727 441 3783 malo
454 3725 577 3800 exemplo
594 3727 662 3800 quia
682 3745 739 3784 suo.
781 3725 849 3785 Non
863 3729 929 3785 tulit
945 3727 1019 3785 banc
1031 3727 1174 3786 Labienus
1187 3728 1378 3786 contumeliam

227 3831 274 3869 nec
296 3814 429 3883 superstes
452 3824 507 3863 esse
534 3808 643 3882 engene‘a
669 3825 719 3864 suo
746 3809 841 3880 uoluit,
863 3810 912 3866 sed
936 3811 967 3866 in
994 3817 1165 3867 moeeumenta
1188 3828 1216 3868 se
1239 3811 1378 3867 marorum

226 3909 341 3952 suorum
351 3890 441 3968 ferri
451 3889 537 3946 cussit
552 3895 631 3962 atque
645 3890 685 3946 ito
699 3889 813 3960 e'reclude',
828 3891 935 3948 ueritus
950 3892 1054 3948 scelicet
1070 3910 1103 3948 ue
1116 3893 1191 3967 igm's
1204 3892 1256 3966 qui
1271 3891 1382 3948 nomini

226 3993 276 4034 suo
299 3971 434 4031 subiectus
457 3977 520 4028 erat
539 3972 651 4044 corpori
669 3977 837 4047 negaretur:
865 3991 918 4030 non
937 3972 1043 4047 finiuit
1064 3979 1171 4029 tantum
1195 3992 1222 4030 se
1247 3974 1309 4048 ipse,
1331 3972 1382 4030 sed

226 4057 308 4114 ettam
335 4054 481 4130 sepetruit.
497 4094 504 4110 .
520 4096 527 4110 .
542 4063 550 4111 .’
568 4051 656 4110 Cassi
677 4050 786 4123 Seueri,
813 4053 934 4111 homenis
957 4053 1081 4111 Labieno
1108 4054 1284 4125 inue'srise'mi,
1313 4053 1379 4110 belle

225 4139 299 4196 dicta
322 4156 367 4194 res
379 4135 531 4214 serebatur
550 4134 599 4191 'illo
620 4142 735 4209 tempore
756 4151 807 4210 quo
831 4134 903 4193 libri
919 4133 1040 4193 Labieni
1062 4153 1102 4193 ex
1124 4142 1234 4193 senatus
1257 4135 1380 4194 consulto
1423 4196 1425 4208 ,

227 4219 398 4278 urebantur:
413 4236 487 4274 nunc
500 4235 548 4287 me,
562 4217 660 4290 e'nquit,
671 4218 769 4273 ueieum
783 4218 836 4274 uri
845 4223 947 4294 oportet
957 4217 1009 4291 qui
1020 4217 1083 4274 illos
1094 4217 1201 4275 edidici.
1223 4216 1380 4275 monstrabo

227 4301 327 4358 bellum
342 4300 418 4358 uobis
431 4299 550 4356 libellum
564 4315 641 4372 quem
655 4316 674 4355 a
691 4297 822 4357 Gallione
834 4305 923 4357 uestro
932 4300 1040 4373 petates.
1068 4300 1200 4357 recitauit
1214 4299 1379 4373 rescriptum

229 4381 353 4440 labieno
366 4391 420 4456 pro
434 4379 569 4455 Bathyllo
582 4376 755 4437 Maecendtis
773 4380 804 4437 in
824 4399 875 4455 quo
894 4380 1047 4454 suspicietis
1059 4381 1236 4438 adulescentes
1252 4381 1379 4438 anemum

229 4463 308 4523 illos
323 4462 439 4521 dentes
453 4461 494 4521 ad
508 4460 730 4519 mordendum
737 4464 924 4537 prouocantes.
961 4462 1038 4519 Puto
1052 4463 1109 4518 e'am
1123 4462 1201 4519 ne'tn‘l
1210 4462 1282 4538 quod
1293 4463 1378 4519 e'nter-
