3082 4980
219 365 279 424 xxii
565 366 575 387 ⁹
646 366 972 428 PROLEGOMENA.

263 524 320 584 His
340 525 478 585 omnibus
499 526 651 603 perpensis
666 543 744 602 nego
759 525 825 584 Ibin
839 525 993 602 Hyginum
1007 524 1104 584 luisse.
1147 524 1226 584 Nam
1243 523 1373 604 (1)His·

221 624 316 683 panus
336 605 397 678 fuit,
412 625 474 665 non
487 607 649 684 Aegyptius
659 626 667 679 ;
686 607 881 673 Alexandriae
899 617 995 668 autem
1013 617 1098 666 natus
1117 606 1183 665 ideo
1203 607 1260 666 dici
1278 606 1375 684 potuit

222 688 302 764 quod
320 687 519 747 Alexandrum
539 688 751 765 Polyhistorem
772 688 907 760 audierat,
929 686 1030 747 tralato
1052 688 1091 746 ad
1111 690 1233 764 patriam
1252 688 1374 746 nomine

223 770 420 845 praeceptoris
441 769 549 850 (Bunte
569 769 648 846 Hyg.
665 789 693 846 p.
713 769 753 849 a).
805 768 850 848 (a)
873 769 1012 829 Ouidium
1035 779 1129 828 aetate
1150 770 1189 827 ita
1210 769 1375 838 antecessit,

223 859 255 908 ut
269 868 328 927 quo
343 860 474 926 tempore
489 852 513 910 is
528 851 594 909 exul
609 851 700 910 factus
715 862 766 923 est,
781 850 919 928 Hyginus
935 852 993 909 iam
1011 861 1089 909 esset
1103 851 1207 910 senior.
1251 851 1330 909 Nam
1351 850 1375 908 si

33 1005 39 1029 Ι
120 931 127 938 ’
223 930 423 989 Alexandrum
435 931 645 1009 Polyhistorem
660 933 755 1005 audiit,
767 934 817 1010 qui
829 933 942 991 Romae
954 931 1047 990 floruit
1060 931 1179 991 Sullae*
1194 932 1376 1009 temporibus

224 1023 254 1072 et
267 1023 370 1089 postea
385 1011 439 1092 (καὶ
455 1016 497 1070 ἐπὶ
510 1016 570 1070 τάδε
591 1012 703 1092 Suid.);
730 1015 753 1073 si
774 1033 792 1072 a
813 1014 959 1072 nonnullis
980 1014 1106 1073 creditus
1126 1024 1169 1073 est
1188 1031 1260 1090 puer
1279 1013 1376 1071 adhuc

225 1093 355 1152 Romam
376 1093 514 1154 aduectus
528 1114 615 1157 anno
637 1092 751 1176 707l47
771 1112 831 1172 quo
847 1095 1024 1154 Alexandria
1041 1105 1127 1171 capta
1148 1105 1191 1154 est
1202 1114 1209 1166 ;
1238 1095 1286 1153 uix
1308 1103 1377 1171 post

225 1178 283 1251 697
304 1188 339 1250 57
363 1177 443 1234 nasci
464 1178 565 1254 potuit.
607 1176 697 1254 Atqui
713 1178 835 1237 Ouidius
855 1187 940 1236 natus
961 1186 1006 1235 est
1020 1175 1117 1235 Hirtio
1134 1186 1163 1235 et
1182 1176 1279 1235 Pansa
1299 1193 1375 1235 coss

226 1270 282 1331 711
305 1276 342 1331 43
352 1275 360 1330 ;
390 1258 468 1316 unde
489 1276 568 1316 anno
592 1255 789 1339 761l2=819
812 1269 879 1335 post
902 1258 957 1317 Ch.
979 1259 1041 1334 ipse
1067 1275 1160 1317 annos
1183 1254 1288 1338 50l51,
1311 1255 1377 1333 Hy-

224 1338 310 1413 ginus
326 1339 420 1412 ⁶4l⁶5
435 1339 571 1398 habuisse
585 1340 734 1416 colligitur.
777 1341 867 1416 Atqui
887 1339 1011 1398 Ouidius
1029 1357 1097 1398 cum
1117 1340 1212 1398 amico
1231 1357 1268 1397 eo
1287 1355 1378 1415 quern

225 1419 293 1478 Ibin
313 1419 401 1479 fuisse
422 1422 521 1480 omnia
541 1421 669 1480 indicant
686 1418 783 1499 (Pont.
798 1422 833 1480 iv.
850 1441 876 1496 3.
895 1420 944 1500 12)
961 1420 1054 1479 fuerat
1074 1428 1181 1479 uetusta
1195 1421 1290 1479 Paene
1305 1429 1379 1494 puer

218 1511 307 1576 puero
335 1504 446 1560 cunctas
472 1506 605 1561 amicz'tza.
656 1503 808 1562 Praeterea
832 1502 969 1579 Hyginus
997 1502 1188 1579 paedagogus
1213 1501 1322 1577 Vergili
1346 1501 1379 1558 in

223 1582 379 1659 Georgicis
400 1585 558 1643 scribendis
577 1584 680 1643 dicitur
694 1603 712 1642 a
725 1584 887 1644 Columella
903 1585 921 1642 i.
941 1603 966 1643 1.
985 1603 1029 1658 13.
1071 1583 1220 1660 Georgica
1232 1581 1379 1658 Vergilius

225 1664 339 1724 uidetur
348 1666 548 1741 composuisse
562 1679 701 1742 717-724
713 1666 836 1739 A.V.C.,
848 1684 907 1742 quo
918 1675 1050 1742 tempore
1062 1665 1186 1725 Ouidius
1197 1682 1292 1723 annos
1300 1673 1379 1722 aeta-

226 1745 262 1804 tis
277 1757 392 1804 sextum
406 1747 443 1806 ad
458 1748 604 1806 decimum
619 1749 734 1808 tertium
749 1749 860 1824 agebat.
898 1746 943 1825 (3)
955 1745 1031 1819 Quis
1045 1745 1143 1806 credat
1154 1745 1314 1823 Hyginum,
1327 1745 1379 1821 qui

227 1836 305 1886 totus
322 1827 352 1885 in
371 1827 469 1888 litteris
490 1831 668 1903 uersabatur,
682 1839 712 1888 et
732 1831 772 1888 ob
793 1829 981 1904 multiplicem
1002 1827 1166 1887 doctrinam
1187 1827 1380 1886 bibliothecae

227 1909 374 1968 Palatinae
388 1920 526 1986 praeerat,
538 1911 602 1970 foro
615 1912 822 1971 discurrentem
834 1910 941 1970 Ouidio
952 1909 1131 1969 oblatrasse?
1154 1907 1226 1968 Non
1240 1908 1380 1967 conuenit

227 1991 285 2049 hoc
305 1990 377 2062 uir0,
400 2010 459 2068 quo
481 2010 569 2050 nemo
590 2011 626 2051 ea
647 2002 740 2051 aetate
762 2011 817 2051 nee
837 1992 1063 2065 πολυμαθέστερος
1084 1990 1137 2050 luit
1157 2009 1212 2050 nec
1236 1989 1321 2067 plura
1340 1988 1379 2047 de

228 2072 310 2131 omni
329 2090 436 2147 genere
457 2091 553 2131 rerum
574 2073 695 2150 reliquit.
738 2073 1015 2132 Commemorantur
1033 2073 1096 2132 eius
1114 2080 1227 2149 praeter
1247 2089 1283 2130 ea
1303 2089 1381 2148 quae

227 2162 328 2212 extant
347 2153 410 2211 libri
427 2153 464 2212 de
483 2174 514 2214 re
533 2155 646 2227 rustica,
661 2154 698 2214 de
712 2156 822 2231 apibus,
839 2155 875 2213 de
894 2155 953 2212 uita
972 2155 1117 2232 rebusque
1136 2153 1287 2212 illustrium
1303 2153 1380 2210 uiro·

228 2251 303 2304 rum,
313 2234 465 2311 Exempla,
477 2235 513 2294 de
528 2238 751 2313 proprietatibus
767 2237 898 2307 deorum,
910 2235 946 2294 de
961 2235 1015 2294 diis
1030 2235 1195 2308 Penatibus,
1206 2236 1242 2294 de
1257 2234 1381 2293 urbibus

229 2314 336 2374 Italicis
355 2325 384 2374 et
404 2316 517 2376 familiis
532 2316 677 2389 Troianis,
692 2318 917 2377 commentarius
933 2317 965 2374 in
979 2316 1078 2374 Heluii
1093 2315 1205 2375 Cinnae
1219 2315 1381 2392 Propemp-

229 2396 309 2455 ticon
320 2397 467 2470 Pollionis,
479 2398 688 2458 Commentarii
701 2399 733 2457 in
741 2398 910 2474 Vergilium.
945 2397 1043 2456 Etiam
1056 2398 1101 2456 ius
1115 2398 1297 2474 pontificium
1312 2415 1382 2456 eum

230 2478 357 2554 attigisse
371 2488 512 2539 testantur
527 2479 600 2540 Gell.
616 2481 671 2539 xvi.
688 2484 774 2553 6.14,
789 2481 920 2541 Macrob.
931 2479 967 2538 vi.
980 2500 1007 2555 9.
1024 2492 1051 2554 7.
1093 2480 1197 2555 Itaque
1212 2479 1383 2555 saepissime

229 2560 332 2619 citatus
347 2570 391 2619 est
405 2570 434 2619 et
448 2563 486 2620 ab
501 2562 669 2639 aequalibus
683 2572 712 2621 et
726 2581 744 2620 a
758 2561 890 2638 posteris,
904 2561 1030 2632 Auieno,
1040 2561 1142 2619 Verrio
1157 2561 1273 2632 Flacco,
1287 2560 1382 2619 Asco-

229 2641 280 2701 nio
301 2640 441 2715 Pediano,
454 2642 633 2716 -Columella,
655 2655 717 2702 turn
745 2663 763 2703 a
785 2644 878 2702 Plinio
899 2643 930 2700 in
953 2641 1085 2702 Historia
1111 2642 1251 2714 Naturali,
1274 2640 1382 2712 Gellio,

232 2722 342 2795 Seruio,
366 2723 529 2798 Macrobio,
551 2725 745 2800 Hieronymo,
771 2725 871 2784 Nonio
900 2723 1041 2783 Marcello
1070 2722 1178 2802 (Runte
1206 2743 1255 2801 pp.
1278 2720 1381 2800 9-16).

182 2878 188 2879 γ
231 2804 303 2864 Non
328 2805 408 2865 hunc
435 2806 466 2865 in
490 2807 554 2867 foro
578 2806 740 2878 latrantem,
765 2824 821 2865 nec
849 2807 956 2865 summi
983 2814 1088 2883 poetae
1113 2825 1150 2864 ac
1172 2804 1384 2864 familiarissimi

229 2886 306 2946 lacta
323 2887 429 2946 canino
451 2888 537 2947 dente
556 2889 749 2956 mordentem,
771 2906 866 2964 neque
886 2888 949 2947 eius
965 2888 1048 2946 uxori
1068 2887 1261 2957 insultantem,
1287 2904 1385 2962 neque

229 2968 374 3046 relliquias
395 2975 486 3045 opum
512 2970 565 3029 sibi
589 2971 810 3047 conquirentem
831 2969 971 3043 uidisses;
1002 2969 1054 3028 sed
1078 2969 1181 3029 autin
1208 2967 1385 3028 bibliotheca

231 3049 305 3109 inter
326 3056 478 3128 poetarum
500 3062 609 3111 statuas
629 3052 776 3129 legentem
797 3052 1055 3122 exscribentemue,
1079 3061 1128 3110 aut
1148 3058 1302 3110 uacantem
1324 3050 1384 3108 dis-

230 3132 333 3209 cipulis
353 3142 404 3191 aut
424 3151 490 3192 cum
512 3133 600 3192 docto
622 3134 719 3211 aliquo
740 3135 917 3210 loquentem.
968 3131 1074 3210 Neque
1097 3150 1154 3209 ego
1175 3150 1237 3190 non
1261 3149 1385 3208 possum

231 3212 379 3290 Saluagnii
397 3215 567 3293 opinionem
588 3215 692 3287 mirari,
714 3214 868 3292 Hyginum
892 3214 979 3273 etiam
1002 3233 1039 3272 ex
1064 3232 1112 3272 uu.
1141 3232 1187 3289 19,
1211 3232 1249 3271 ao
1270 3213 1315 3271 Et
1335 3213 1389 3288 qui

230 3295 360 3353 debuerat
377 3297 484 3356 subr'tas
503 3299 668 3373 extr'ugaere
678 3298 816 3372 flammas
831 3295 892 3354 Hic
907 3296 1042 3370 praedam
1057 3296 1142 3353 medab
1155 3302 1253 3370 raptor
1272 3294 1308 3353 ab
1321 3296 1386 3369 tgna

226 3379 298 3456 petat
316 3377 472 3449 elicientis;
503 3379 613 3454 quippe
634 3379 768 3437 libertum
785 3378 911 3453 Augusti
931 3377 1005 3435 inter
1028 3376 1131 3453 uigiles
1156 3395 1220 3435 esse
1244 3376 1385 3452 potuisse,

230 3458 338 3535 quibus
365 3459 566 3518 incendiorum
594 3478 663 3520 cura
688 3459 846 3517 commissa
873 3467 958 3517 esset.
1006 3458 1100 3531 Quasi
1123 3476 1194 3516 uero
1217 3456 1385 3534 praeposito

124 3597 126 3599 ,
231 3538 425 3598 bibliothecae
446 3540 592 3599 Palatinae
613 3540 692 3598 idern
713 3550 790 3598 esset
809 3558 917 3598 munus
938 3540 1018 3616 quod
1038 3539 1166 3616 uigilum,
1181 3549 1230 3598 aut
1250 3537 1387 3597 incendia

231 3620 421 3697 restinguere,
435 3621 524 3680 libros
539 3639 639 3681 curare
653 3622 703 3680 uni
718 3621 871 3698 eidemque
885 3621 1054 3680 demandari
1068 3630 1177 3697 posset.

274 3700 350 3759 Mihi
370 3720 425 3761 nec
448 3710 535 3778 poe'ta
551 3721 607 3761 nee
626 3703 788 3779 praefectus
808 3702 1000 3763 bibliothecae
1021 3703 1051 3760 in
1072 3702 1155 3761 Ibide
1176 3700 1321 3781 designari
1342 3700 1387 3758 ui·

232 3782 334 3862 deturr
363 3792 459 3842 orator
479 3785 576 3859 potius
597 3784 644 3843 uel
665 3785 776 3844 delator
794 3784 854 3843 fuit.
906 3783 976 3844 Hoc
996 3783 1125 3843 indicant
1143 3801 1206 3841 non
1225 3783 1321 3842 solum
1339 3782 1388 3841 illa

232 3863 325 3924 Ibidis
352 3883 388 3937 14
413 3863 508 3924 Iactat
527 3872 554 3924 et
574 3867 605 3924 iu
629 3873 680 3925 tata
704 3868 816 3924 naratha
841 3875 937 3925 nostra
949 3866 1031 3942 sora,
1058 3884 1095 3940 29
1121 3864 1249 3924 Calcasti
1268 3865 1320 3940 qui
1336 3882 1387 3935 me,

232 3945 399 4018 uiolente,
415 3948 552 4019 tacentem,
570 3952 668 4023 233-6
686 3947 860 4023 Gutturaque
881 3948 1029 4006 tabuerant
1047 3949 1172 4025 r'ns‘antza
1193 3948 1260 4005 lacte
1279 3946 1388 4016 cantur,

233 4027 296 4086 Hic
309 4031 424 4105 prz'rnus
436 4031 524 4105 paeri
541 4033 618 4089 uenit
634 4033 664 4088 z'u
682 4050 732 4089 ora
750 4029 834 4088 cibus.
856 4030 987 4088 Perbibit
998 4029 1060 4086 rude
1073 4048 1140 4087 suae
1152 4029 1255 4087 rabiem
1270 4027 1389 4086 nutricis

231 4111 373 4183 alumnus,
387 4111 495 4170 Latrat
508 4119 534 4170 et
554 4115 584 4171 iu
604 4119 655 4170 toto
676 4111 761 4170 uerba
778 4114 881 4169 centua
890 4113 971 4190 soro,
992 4111 1044 4169 sed
1062 4109 1150 4169 Trist.
1165 4111 1203 4168 iii.
1223 4128 1268 4169 rr.
1287 4127 1331 4183 19,
1349 4126 1388 4165 aa

234 4193 279 4251 Et
295 4200 383 4252 tamen
401 4200 440 4251 est
458 4195 560 4270 alr'quz's
574 4195 627 4268 qur'
642 4196 761 4251 uulnera
779 4195 868 4251 cruda
881 4199 1015 4263 retractet,
1031 4189 1132 4250 Scluat
1146 4193 1214 4250 etin
1228 4209 1315 4249 mares
1329 4207 1389 4247 ora

235 4275 361 4334 diserta
374 4295 451 4348 meos,
474 4296 509 4351 3¹
531 4275 782 4346 Quzilu'rnulacra,
791 4277 895 4352 ferax,
909 4275 990 4331 dratr's
1005 4275 1116 4331 zucersr's
1130 4274 1263 4331 amarti?
1283 4291 1308 4330 v.
1326 4274 1352 4329 8.
1370 4290 1388 4345 3

238 4355 314 4428 Quae
321 4356 425 4416 tr'br'res
433 4359 539 4416 amiam
551 4356 719 4433 tumefacti,
729 4355 867 4432 improbet
882 4375 967 4414 curue
978 4354 1097 4415 Caribus
1105 4357 1232 4426 rasullas,
1242 4359 1390 4430 quaspotes

566 4483 580 4516 *
598 4480 658 4528 Sulla
671 4490 775 4528 mortuus
787 4490 821 4528 est
833 4495 894 4528 anno
906 4477 954 4541 676
962 4477 966 4544 l
974 4481 1012 4541 78.
