<?xml version="1.0" encoding="UTF-8"?>
<!DOCTYPE html PUBLIC "-//W3C//DTD XHTML 1.0 Transitional//EN"
    "http://www.w3.org/TR/xhtml1/DTD/xhtml1-transitional.dtd">
<html xmlns="http://www.w3.org/1999/xhtml" xml:lang="en" lang="en">
 <head>
  <title>
</title>
<meta http-equiv="Content-Type" content="text/html;charset=utf-8" />
  <meta name='ocr-system' content='tesseract 3.04.00' />
  <meta name='ocr-capabilities' content='ocr_page ocr_carea ocr_par ocr_line ocrx_word'/>
</head>
<body>
  <div class='ocr_page' id='page_1' title='image "./povidiinasonisi00ovidgoog_0188.png"; bbox 0 0 3038 4988; ppageno 0'>
   <div class='ocr_carea' id='block_1_1' title="bbox 528 384 1361 449">
    <p class='ocr_par' dir='ltr' id='par_1_1' title="bbox 528 384 1361 449">
     <span class='ocr_line' id='line_1_1' title="bbox 528 384 1361 449; baseline 0 0"><span class='ocrx_word' id='word_1_1' title='bbox 528 387 875 449; x_wconf 90' lang='lat' dir='ltr'><strong>COMMENTARIVS.</strong></span> <span class='ocrx_word' id='word_1_2' title='bbox 1217 393 1273 449; x_wconf 83' lang='lat'><strong>119</strong></span> <span class='ocrx_word' id='word_1_3' title='bbox 1353 384 1361 404; x_wconf 71' lang='lat'><strong>&#39;⁹</strong></span> 
     </span>
    </p>
   </div>
   <div class='ocr_carea' id='block_1_2' title="bbox 121 543 1275 828">
    <p class='ocr_par' dir='ltr' id='par_1_2' title="bbox 121 543 1275 828">
     <span class='ocr_line' id='line_1_2' title="bbox 122 543 1275 626; baseline 0.003 -28"><span class='ocrx_word' id='word_1_4' title='bbox 122 544 268 600; x_wconf 87' lang='lat' dir='ltr'>Theocriti</span> <span class='ocrx_word' id='word_1_5' title='bbox 290 544 343 600; x_wconf 85' lang='lat' dir='ltr'><strong>xvi.</strong></span> <span class='ocrx_word' id='word_1_6' title='bbox 357 560 391 612; x_wconf 82' lang='lat'><strong>34</strong></span> <span class='ocrx_word' id='word_1_7' title='bbox 411 547 425 597; x_wconf 91' lang='grc' dir='ltr'>ὁ</span> <span class='ocrx_word' id='word_1_8' title='bbox 442 543 576 614; x_wconf 82' lang='grc' dir='ltr'>Αντιόχος</span> <span class='ocrx_word' id='word_1_9' title='bbox 596 543 799 626; x_wconf 81' lang='grc' dir='ltr'>Ἐχεκρατίδου</span> <span class='ocrx_word' id='word_1_10' title='bbox 798 546 839 598; x_wconf 87' lang='grc' dir='ltr'><strong>καὶ</strong></span> <span class='ocrx_word' id='word_1_11' title='bbox 861 543 1049 613; x_wconf 68' lang='grc' dir='ltr'>Δυσίηριδος“</span> <span class='ocrx_word' id='word_1_12' title='bbox 1024 545 1078 600; x_wconf 87' lang='grc' dir='ltr'>υιδς</span> <span class='ocrx_word' id='word_1_13' title='bbox 1095 544 1133 612; x_wconf 84' lang='grc' dir='ltr'><strong>ἢν,</strong></span> <span class='ocrx_word' id='word_1_14' title='bbox 1153 547 1187 601; x_wconf 83' lang='grc' dir='ltr'><strong>ὣς</strong></span> <span class='ocrx_word' id='word_1_15' title='bbox 1204 548 1275 616; x_wconf 89' lang='grc' dir='ltr'>φησι</span> 
     </span>
     <span class='ocr_line' id='line_1_3' title="bbox 122 614 1273 698; baseline 0.004 -30"><span class='ocrx_word' id='word_1_16' title='bbox 122 617 268 698; x_wconf 75' lang='grc' dir='ltr'>Σιμωνίδης,</span> <span class='ocrx_word' id='word_1_17' title='bbox 288 625 316 670; x_wconf 89' lang='lat' dir='ltr'><strong>et</strong></span> <span class='ocrx_word' id='word_1_18' title='bbox 338 618 488 669; x_wconf 84' lang='lat' dir='ltr'>Anacreon</span> <span class='ocrx_word' id='word_1_19' title='bbox 510 632 560 669; x_wconf 90' lang='lat' dir='ltr'><strong>seu</strong></span> <span class='ocrx_word' id='word_1_20' title='bbox 579 614 641 685; x_wconf 90' lang='lat' dir='ltr'><strong>quis</strong></span> <span class='ocrx_word' id='word_1_21' title='bbox 663 614 734 669; x_wconf 90' lang='lat' dir='ltr'><strong>alius</strong></span> <span class='ocrx_word' id='word_1_22' title='bbox 755 614 991 685; x_wconf 87' lang='lat' dir='ltr'><strong>epigrammatum</strong></span> <span class='ocrx_word' id='word_1_23' title='bbox 1010 627 1108 671; x_wconf 87' lang='lat' dir='ltr'>auctor</span> <span class='ocrx_word' id='word_1_24' title='bbox 1129 616 1180 671; x_wconf 91' lang='lat' dir='ltr'><strong>fuit</strong></span> <span class='ocrx_word' id='word_1_25' title='bbox 1193 621 1226 672; x_wconf 95' lang='lat' dir='ltr'><strong>A.</strong></span> <span class='ocrx_word' id='word_1_26' title='bbox 1242 620 1273 674; x_wconf 94' lang='grc' dir='ltr'><strong>Ρ.</strong></span> 
     </span>
     <span class='ocr_line' id='line_1_4' title="bbox 121 685 1273 756; baseline 0.001 -15"><span class='ocrx_word' id='word_1_27' title='bbox 121 687 157 741; x_wconf 90' lang='lat' dir='ltr'><strong>vi.</strong></span> <span class='ocrx_word' id='word_1_28' title='bbox 191 702 248 754; x_wconf 83' lang='lat'><strong>134,</strong></span> <span class='ocrx_word' id='word_1_29' title='bbox 281 702 328 753; x_wconf 86' lang='lat'><strong>142</strong></span> <span class='ocrx_word' id='word_1_30' title='bbox 359 686 407 740; x_wconf 92' lang='lat' dir='ltr'><strong>ubi</strong></span> <span class='ocrx_word' id='word_1_31' title='bbox 439 685 506 740; x_wconf 89' lang='lat' dir='ltr'><strong>dicit</strong></span> <span class='ocrx_word' id='word_1_32' title='bbox 495 695 540 740; x_wconf 88' lang='lat' dir='ltr'><strong>tur</strong></span> <span class='ocrx_word' id='word_1_33' title='bbox 569 686 649 756; x_wconf 81' lang='grc' dir='ltr'>ἀρχὸς</span> <span class='ocrx_word' id='word_1_34' title='bbox 680 687 840 741; x_wconf 84' lang='grc' dir='ltr'>θεσσαλίας.</span> <span class='ocrx_word' id='word_1_35' title='bbox 895 687 1045 741; x_wconf 91' lang='lat' dir='ltr'><strong>Praeterea</strong></span> <span class='ocrx_word' id='word_1_36' title='bbox 1075 688 1273 756; x_wconf 87' lang='lat' dir='ltr'><strong>Echecratian,</strong></span> 
     </span>
     <span class='ocr_line' id='line_1_5' title="bbox 121 757 1273 828; baseline 0.002 -17"><span class='ocrx_word' id='word_1_37' title='bbox 121 768 241 812; x_wconf 90' lang='lat' dir='ltr'><strong>matrem</strong></span> <span class='ocrx_word' id='word_1_38' title='bbox 269 759 387 827; x_wconf 88' lang='lat' dir='ltr'>Scopae,</span> <span class='ocrx_word' id='word_1_39' title='bbox 417 757 566 826; x_wconf 87' lang='lat' dir='ltr'><strong>(Scopadis</strong></span> <span class='ocrx_word' id='word_1_40' title='bbox 597 767 691 810; x_wconf 90' lang='lat' dir='ltr'><strong>autem</strong></span> <span class='ocrx_word' id='word_1_41' title='bbox 723 773 873 811; x_wconf 89' lang='lat' dir='ltr'><strong>commune</strong></span> <span class='ocrx_word' id='word_1_42' title='bbox 903 775 992 826; x_wconf 90' lang='lat' dir='ltr'><strong>genus</strong></span> <span class='ocrx_word' id='word_1_43' title='bbox 1020 775 1085 811; x_wconf 88' lang='lat' dir='ltr'><strong>curn</strong></span> <span class='ocrx_word' id='word_1_44' title='bbox 1115 759 1273 828; x_wconf 81' lang='lat' dir='ltr'><strong>Aleuadis),</strong></span> 
     </span>
    </p>
   </div>
   <div class='ocr_carea' id='block_1_3' title="bbox 122 827 1363 898">
    <p class='ocr_par' dir='ltr' id='par_1_3' title="bbox 122 827 1363 898">
     <span class='ocr_line' id='line_1_6' title="bbox 122 827 1363 898; baseline 0.002 -17"><span class='ocrx_word' id='word_1_45' title='bbox 122 828 197 882; x_wconf 88' lang='lat' dir='ltr'><strong>idem</strong></span> <span class='ocrx_word' id='word_1_46' title='bbox 215 828 309 882; x_wconf 88' lang='lat' dir='ltr'><strong>Schol</strong></span> <span class='ocrx_word' id='word_1_47' title='bbox 323 827 360 881; x_wconf 92' lang='lat' dir='ltr'><strong>ad</strong></span> <span class='ocrx_word' id='word_1_48' title='bbox 373 845 426 882; x_wconf 81' lang='lat' dir='ltr'><strong>xvi</strong></span> <span class='ocrx_word' id='word_1_49' title='bbox 446 828 488 895; x_wconf 89' lang='lat'><strong>36.</strong></span> <span class='ocrx_word' id='word_1_50' title='bbox 526 828 584 882; x_wconf 93' lang='lat' dir='ltr'><strong>Sed</strong></span> <span class='ocrx_word' id='word_1_51' title='bbox 602 827 672 881; x_wconf 92' lang='lat' dir='ltr'><strong>nihil</strong></span> <span class='ocrx_word' id='word_1_52' title='bbox 691 827 727 881; x_wconf 94' lang='lat' dir='ltr'><strong>de</strong></span> <span class='ocrx_word' id='word_1_53' title='bbox 746 828 800 881; x_wconf 92' lang='lat' dir='ltr'><strong>hac</strong></span> <span class='ocrx_word' id='word_1_54' title='bbox 822 837 912 882; x_wconf 90' lang='lat' dir='ltr'><strong>morte</strong></span> <span class='ocrx_word' id='word_1_55' title='bbox 930 828 1136 883; x_wconf 86' lang='lat' dir='ltr'><strong>Echecratidae</strong></span> <span class='ocrx_word' id='word_1_56' title='bbox 1153 830 1272 898; x_wconf 83' lang='lat' dir='ltr'><strong>repperi.</strong></span> <span class='ocrx_word' id='word_1_57' title='bbox 1358 841 1363 848; x_wconf 81' lang='grc'><em>·</em></span> 
     </span>
    </p>
   </div>
   <div class='ocr_carea' id='block_1_4' title="bbox 116 898 1348 4576">
    <p class='ocr_par' dir='ltr' id='par_1_4' title="bbox 116 898 1348 3569">
     <span class='ocr_line' id='line_1_7' title="bbox 121 898 1274 968; baseline 0.002 -16"><span class='ocrx_word' id='word_1_58' title='bbox 121 902 167 952; x_wconf 93' lang='lat' dir='ltr'><strong>An</strong></span> <span class='ocrx_word' id='word_1_59' title='bbox 187 899 360 967; x_wconf 86' lang='lat' dir='ltr'><strong>significatur</strong></span> <span class='ocrx_word' id='word_1_60' title='bbox 379 900 462 966; x_wconf 85' lang='lat' dir='ltr'><strong>Eryx,</strong></span> <span class='ocrx_word' id='word_1_61' title='bbox 482 914 567 968; x_wconf 90' lang='lat' dir='ltr'><strong>quem</strong></span> <span class='ocrx_word' id='word_1_62' title='bbox 588 899 725 952; x_wconf 89' lang='lat' dir='ltr'><strong>Hercules</strong></span> <span class='ocrx_word' id='word_1_63' title='bbox 744 899 878 952; x_wconf 90' lang='lat' dir='ltr'><strong>luctando</strong></span> <span class='ocrx_word' id='word_1_64' title='bbox 901 908 943 953; x_wconf 89' lang='lat' dir='ltr'><strong>ter</strong></span> <span class='ocrx_word' id='word_1_65' title='bbox 964 898 1125 953; x_wconf 89' lang='lat' dir='ltr'><strong>u1c1tein</strong></span> <span class='ocrx_word' id='word_1_66' title='bbox 1148 900 1274 954; x_wconf 90' lang='lat' dir='ltr'><strong>Siculum</strong></span> 
     </span>
     <span class='ocr_line' id='line_1_8' title="bbox 122 969 1274 1051; baseline 0.004 -29"><span class='ocrx_word' id='word_1_67' title='bbox 122 987 200 1024; x_wconf 91' lang='lat' dir='ltr'><strong>mare</strong></span> <span class='ocrx_word' id='word_1_68' title='bbox 213 969 425 1040; x_wconf 87' lang='lat' dir='ltr'><strong>praecipitauit?</strong></span> <span class='ocrx_word' id='word_1_69' title='bbox 451 971 533 1023; x_wconf 82' lang='lat' dir='ltr'><strong>Certe</strong></span> <span class='ocrx_word' id='word_1_70' title='bbox 551 971 643 1023; x_wconf 85' lang='lat' dir='ltr'><strong>uictus</strong></span> <span class='ocrx_word' id='word_1_71' title='bbox 661 986 712 1039; x_wconf 92' lang='lat' dir='ltr'><strong>pro</strong></span> <span class='ocrx_word' id='word_1_72' title='bbox 730 970 849 1038; x_wconf 90' lang='lat' dir='ltr'><strong>quintus</strong></span> <span class='ocrx_word' id='word_1_73' title='bbox 865 969 1000 1051; x_wconf 82' lang='lat' dir='ltr'><strong>scriptum</strong></span> <span class='ocrx_word' id='word_1_74' title='bbox 1019 979 1062 1024; x_wconf 89' lang='lat' dir='ltr'><strong>est</strong></span> <span class='ocrx_word' id='word_1_75' title='bbox 1081 970 1109 1022; x_wconf 94' lang='lat' dir='ltr'><strong>in</strong></span> <span class='ocrx_word' id='word_1_76' title='bbox 1130 973 1164 1024; x_wconf 93' lang='lat' dir='ltr'><strong>T.</strong></span> <span class='ocrx_word' id='word_1_77' title='bbox 1199 971 1274 1027; x_wconf 87' lang='lat' dir='ltr'><strong>Vide</strong></span> 
     </span>
     <span class='ocr_line' id='line_1_9' title="bbox 123 1039 1275 1111; baseline 0.003 -18"><span class='ocrx_word' id='word_1_78' title='bbox 123 1042 289 1094; x_wconf 86' lang='lat' dir='ltr'><strong>Excursum.</strong></span> <span class='ocrx_word' id='word_1_79' title='bbox 350 1043 548 1104; x_wconf 78' lang='lat' dir='ltr'><strong>tarquinius</strong></span> <span class='ocrx_word' id='word_1_80' title='bbox 568 1039 681 1109; x_wconf 94' lang='lat' dir='ltr'><strong>quintus</strong></span> <span class='ocrx_word' id='word_1_81' title='bbox 703 1039 829 1094; x_wconf 91' lang='lat' dir='ltr'><strong>decimus</strong></span> <span class='ocrx_word' id='word_1_82' title='bbox 853 1042 922 1095; x_wconf 91' lang='lat' dir='ltr'><strong>Her.</strong></span> <span class='ocrx_word' id='word_1_83' title='bbox 939 1040 995 1095; x_wconf 91' lang='lat' dir='ltr'><strong>viii.</strong></span> <span class='ocrx_word' id='word_1_84' title='bbox 1014 1042 1049 1107; x_wconf 88' lang='grc'><strong>48</strong></span> <span class='ocrx_word' id='word_1_85' title='bbox 1071 1059 1089 1094; x_wconf 89' lang='grc' dir='ltr'><strong>α</strong></span> <span class='ocrx_word' id='word_1_86' title='bbox 1106 1042 1176 1095; x_wconf 87' lang='lat' dir='ltr'><strong>Iane</strong></span> <span class='ocrx_word' id='word_1_87' title='bbox 1192 1060 1275 1111; x_wconf 85' lang='lat' dir='ltr'><strong>quin-</strong></span> 
     </span>
     <span class='ocr_line' id='line_1_10' title="bbox 122 1109 1274 1192; baseline 0.004 -29"><span class='ocrx_word' id='word_1_88' title='bbox 122 1116 169 1164; x_wconf 89' lang='lat' dir='ltr'><strong>tus</strong></span> <span class='ocrx_word' id='word_1_89' title='bbox 187 1113 250 1165; x_wconf 88' lang='lat' dir='ltr'><strong>eris</strong></span> <span class='ocrx_word' id='word_1_90' title='bbox 374 1113 444 1192; x_wconf 86' lang='grc'><strong>295.</strong></span> <span class='ocrx_word' id='word_1_91' title='bbox 463 1113 677 1175; x_wconf 69' lang='lat' dir='ltr'><strong>Amyntiaden</strong></span> <span class='ocrx_word' id='word_1_92' title='bbox 699 1110 860 1192; x_wconf 90' lang='lat' dir='ltr'><strong>Philippum</strong></span> <span class='ocrx_word' id='word_1_93' title='bbox 882 1112 1024 1179; x_wconf 88' lang='lat' dir='ltr'><strong>Amyntae</strong></span> <span class='ocrx_word' id='word_1_94' title='bbox 1046 1109 1141 1179; x_wconf 86' lang='lat' dir='ltr'><strong>filiurn,</strong></span> <span class='ocrx_word' id='word_1_95' title='bbox 1163 1123 1274 1181; x_wconf 91' lang='lat' dir='ltr'><strong>patrem</strong></span> 
     </span>
     <span class='ocr_line' id='line_1_11' title="bbox 121 1180 1274 1253; baseline 0.003 -19"><span class='ocrx_word' id='word_1_96' title='bbox 121 1181 274 1235; x_wconf 84' lang='lat' dir='ltr'><strong>Alexandri</strong></span> <span class='ocrx_word' id='word_1_97' title='bbox 293 1180 397 1251; x_wconf 85' lang='lat' dir='ltr'><strong>magni,</strong></span> <span class='ocrx_word' id='word_1_98' title='bbox 417 1198 501 1250; x_wconf 87' lang='lat' dir='ltr'><strong>quern</strong></span> <span class='ocrx_word' id='word_1_99' title='bbox 520 1181 675 1235; x_wconf 88' lang='lat' dir='ltr'><strong>Pausanias</strong></span> <span class='ocrx_word' id='word_1_100' title='bbox 688 1181 735 1251; x_wconf 92' lang='lat' dir='ltr'><strong>qui</strong></span> <span class='ocrx_word' id='word_1_101' title='bbox 749 1183 858 1251; x_wconf 87' lang='lat' dir='ltr'><strong>primis</strong></span> <span class='ocrx_word' id='word_1_102' title='bbox 870 1182 1031 1250; x_wconf 82' lang='lat' dir='ltr'><strong>pubertatis</strong></span> <span class='ocrx_word' id='word_1_103' title='bbox 1045 1185 1130 1236; x_wconf 88' lang='lat' dir='ltr'><strong>annis</strong></span> <span class='ocrx_word' id='word_1_104' title='bbox 1141 1187 1274 1253; x_wconf 80' lang='lat' dir='ltr'><strong>stuprum</strong></span> 
     </span>
     <span class='ocr_line' id='line_1_12' title="bbox 116 1252 1275 1336; baseline 0.003 -32"><span class='ocrx_word' id='word_1_105' title='bbox 116 1256 174 1336; x_wconf 85' lang='lat' dir='ltr'><strong>per</strong></span> <span class='ocrx_word' id='word_1_106' title='bbox 195 1254 334 1305; x_wconf 79' lang='lat' dir='ltr'><strong>iniuriam</strong></span> <span class='ocrx_word' id='word_1_107' title='bbox 360 1256 464 1322; x_wconf 89' lang='lat' dir='ltr'><strong>passus</strong></span> <span class='ocrx_word' id='word_1_108' title='bbox 494 1252 528 1305; x_wconf 85' lang='lat' dir='ltr'><strong>ab</strong></span> <span class='ocrx_word' id='word_1_109' title='bbox 554 1253 656 1305; x_wconf 83' lang='lat' dir='ltr'><strong>Attalo</strong></span> <span class='ocrx_word' id='word_1_110' title='bbox 677 1253 788 1322; x_wconf 86' lang='lat' dir='ltr'><strong>suerat,</strong></span> <span class='ocrx_word' id='word_1_111' title='bbox 814 1268 954 1322; x_wconf 89' lang='lat' dir='ltr'><strong>quemque</strong></span> <span class='ocrx_word' id='word_1_112' title='bbox 979 1263 1079 1321; x_wconf 91' lang='lat' dir='ltr'><strong>postea</strong></span> <span class='ocrx_word' id='word_1_113' title='bbox 1104 1255 1275 1324; x_wconf 85' lang='lat' dir='ltr'><strong>perductum</strong></span> 
     </span>
     <span class='ocr_line' id='line_1_13' title="bbox 121 1323 1277 1392; baseline 0.003 -17"><span class='ocrx_word' id='word_1_114' title='bbox 121 1325 153 1375; x_wconf 88' lang='lat' dir='ltr'><strong>i&#39;n</strong></span> <span class='ocrx_word' id='word_1_115' title='bbox 177 1324 341 1376; x_wconf 84' lang='lat' dir='ltr'><strong>conuiuium</strong></span> <span class='ocrx_word' id='word_1_116' title='bbox 365 1323 543 1392; x_wconf 78' lang='lat' dir='ltr'><strong>solutumque</strong></span> <span class='ocrx_word' id='word_1_117' title='bbox 566 1339 641 1376; x_wconf 89' lang='lat' dir='ltr'><strong>mero</strong></span> <span class='ocrx_word' id='word_1_118' title='bbox 664 1323 785 1376; x_wconf 86' lang='lat' dir='ltr'><strong>Attalus</strong></span> <span class='ocrx_word' id='word_1_119' title='bbox 809 1340 865 1375; x_wconf 88' lang='lat' dir='ltr'><strong>nan</strong></span> <span class='ocrx_word' id='word_1_120' title='bbox 888 1340 957 1376; x_wconf 85' lang='lat' dir='ltr'><strong>suae</strong></span> <span class='ocrx_word' id='word_1_121' title='bbox 979 1329 1100 1391; x_wconf 90' lang='lat' dir='ltr'><strong>tantum,</strong></span> <span class='ocrx_word' id='word_1_122' title='bbox 1125 1342 1226 1378; x_wconf 90' lang='lat' dir='ltr'><strong>uerum</strong></span> <span class='ocrx_word' id='word_1_123' title='bbox 1249 1332 1277 1379; x_wconf 93' lang='lat' dir='ltr'><strong>et</strong></span> 
     </span>
     <span class='ocr_line' id='line_1_14' title="bbox 120 1393 1275 1464; baseline 0.003 -18"><span class='ocrx_word' id='word_1_124' title='bbox 120 1410 308 1446; x_wconf 85' lang='grc' dir='ltr'>ιοιιιιιιιαιιιιιι</span> <span class='ocrx_word' id='word_1_125' title='bbox 327 1394 443 1448; x_wconf 31' lang='lat' dir='ltr'><strong>liwlidi&#39;m</strong></span> <span class='ocrx_word' id='word_1_126' title='bbox 465 1395 545 1447; x_wconf 89' lang='lat' dir='ltr'><strong>uelut</strong></span> <span class='ocrx_word' id='word_1_127' title='bbox 563 1399 718 1447; x_wconf 84' lang='lat' dir='ltr'><strong>scortorum</strong></span> <span class='ocrx_word' id='word_1_128' title='bbox 737 1411 801 1447; x_wconf 85' lang='lat' dir='ltr'><strong>iure</strong></span> <span class='ocrx_word' id='word_1_129' title='bbox 821 1393 972 1446; x_wconf 78' lang='lat' dir='ltr'><strong>subiecerat</strong></span> <span class='ocrx_word' id='word_1_130' title='bbox 990 1395 1200 1464; x_wconf 81' lang='lat' dir='ltr'><strong>ludi’briumque</strong></span> <span class='ocrx_word' id='word_1_131' title='bbox 1218 1414 1275 1449; x_wconf 89' lang='lat' dir='ltr'><strong>em-</strong></span> 
     </span>
     <span class='ocr_line' id='line_1_15' title="bbox 121 1464 1277 1545; baseline 0.004 -29"><span class='ocrx_word' id='word_1_132' title='bbox 121 1466 203 1517; x_wconf 90' lang='lat' dir='ltr'><strong>nium</strong></span> <span class='ocrx_word' id='word_1_133' title='bbox 217 1465 295 1517; x_wconf 85' lang='lat' dir='ltr'><strong>inter</strong></span> <span class='ocrx_word' id='word_1_134' title='bbox 311 1465 440 1532; x_wconf 82' lang='lat' dir='ltr'><strong>aequales</strong></span> <span class='ocrx_word' id='word_1_135' title='bbox 455 1465 622 1531; x_wconf 68' lang='lat' dir='ltr'><strong>reddiderat,</strong></span> <span class='ocrx_word' id='word_1_136' title='bbox 637 1481 701 1517; x_wconf 87' lang='lat' dir='ltr'><strong>curn</strong></span> <span class='ocrx_word' id='word_1_137' title='bbox 719 1465 871 1532; x_wconf 85' lang='lat' dir='ltr'><strong>querellam</strong></span> <span class='ocrx_word' id='word_1_138' title='bbox 884 1464 1020 1545; x_wconf 86' lang='lat' dir='ltr'><strong>Pln&#39;lippo</strong></span> <span class='ocrx_word' id='word_1_139' title='bbox 1038 1469 1118 1534; x_wconf 90' lang='lat' dir='ltr'><strong>saepe</strong></span> <span class='ocrx_word' id='word_1_140' title='bbox 1131 1468 1277 1521; x_wconf 71' lang='lat' dir='ltr'><strong>detulisset</strong></span> 
     </span>
     <span class='ocr_line' id='line_1_16' title="bbox 122 1534 1273 1616; baseline 0.005 -29"><span class='ocrx_word' id='word_1_141' title='bbox 122 1541 150 1587; x_wconf 88' lang='lat' dir='ltr'><strong>et</strong></span> <span class='ocrx_word' id='word_1_142' title='bbox 172 1552 229 1587; x_wconf 88' lang='lat' dir='ltr'><strong>nen</strong></span> <span class='ocrx_word' id='word_1_143' title='bbox 253 1551 313 1588; x_wconf 86' lang='lat' dir='ltr'><strong>sine</strong></span> <span class='ocrx_word' id='word_1_144' title='bbox 337 1536 399 1588; x_wconf 86' lang='lat' dir='ltr'><strong>risu</strong></span> <span class='ocrx_word' id='word_1_145' title='bbox 423 1536 595 1616; x_wconf 79' lang='lat' dir='ltr'><strong>differretur,</strong></span> <span class='ocrx_word' id='word_1_146' title='bbox 614 1535 804 1589; x_wconf 88' lang='lat' dir='ltr'><strong>celebrantem</strong></span> <span class='ocrx_word' id='word_1_147' title='bbox 829 1534 942 1603; x_wconf 86' lang='lat' dir='ltr'><strong>nuptias</strong></span> <span class='ocrx_word' id='word_1_148' title='bbox 963 1537 1130 1616; x_wconf 89' lang='lat' dir='ltr'><strong>Cleopatrae</strong></span> <span class='ocrx_word' id='word_1_149' title='bbox 1150 1536 1224 1593; x_wconf 87' lang='lat' dir='ltr'><strong>filiae</strong></span> <span class='ocrx_word' id='word_1_150' title='bbox 1244 1548 1273 1592; x_wconf 90' lang='lat' dir='ltr'><strong>et</strong></span> 
     </span>
     <span class='ocr_line' id='line_1_17' title="bbox 122 1604 1272 1674; baseline 0.003 -15"><span class='ocrx_word' id='word_1_151' title='bbox 122 1605 275 1659; x_wconf 88' lang='lat' dir='ltr'><strong>Alexandri</strong></span> <span class='ocrx_word' id='word_1_152' title='bbox 295 1605 370 1674; x_wconf 88' lang='lat' dir='ltr'><strong>regis</strong></span> <span class='ocrx_word' id='word_1_153' title='bbox 391 1605 580 1674; x_wconf 84' lang='lat' dir='ltr'><strong>Epirotarum,</strong></span> <span class='ocrx_word' id='word_1_154' title='bbox 602 1605 741 1660; x_wconf 83' lang='lat' dir='ltr'><strong>interfecit</strong></span> <span class='ocrx_word' id='word_1_155' title='bbox 761 1607 832 1674; x_wconf 91' lang='lat' dir='ltr'><strong>Just.</strong></span> <span class='ocrx_word' id='word_1_156' title='bbox 852 1619 875 1673; x_wconf 89' lang='lat'><strong>9.</strong></span> <span class='ocrx_word' id='word_1_157' title='bbox 896 1604 923 1660; x_wconf 91' lang='lat'><strong>6.</strong></span> <span class='ocrx_word' id='word_1_158' title='bbox 959 1604 1076 1660; x_wconf 88' lang='lat' dir='ltr'><strong>Aristot.</strong></span> <span class='ocrx_word' id='word_1_159' title='bbox 1098 1608 1157 1661; x_wconf 91' lang='lat' dir='ltr'><strong>Pol.</strong></span> <span class='ocrx_word' id='word_1_160' title='bbox 1180 1626 1205 1662; x_wconf 88' lang='lat' dir='ltr'><strong>v.</strong></span> <span class='ocrx_word' id='word_1_161' title='bbox 1232 1624 1272 1664; x_wconf 89' lang='lat'><strong>10.</strong></span> 
     </span>
     <span class='ocr_line' id='line_1_18' title="bbox 126 1674 1274 1744; baseline 0.002 -15"><span class='ocrx_word' id='word_1_162' title='bbox 126 1674 181 1729; x_wconf 84' lang='lat'><strong>16¹</strong></span> <span class='ocrx_word' id='word_1_163' title='bbox 184 1684 208 1728; x_wconf 94' lang='lat' dir='ltr'>H</span> <span class='ocrx_word' id='word_1_164' title='bbox 227 1676 254 1729; x_wconf 76' lang='grc' dir='ltr'><strong>δὲ</strong></span> <span class='ocrx_word' id='word_1_165' title='bbox 274 1677 404 1729; x_wconf 85' lang='grc' dir='ltr'>Φιλίππου</span> <span class='ocrx_word' id='word_1_166' title='bbox 422 1677 472 1730; x_wconf 83' lang='grc' dir='ltr'><strong>ὑπὸ</strong></span> <span class='ocrx_word' id='word_1_167' title='bbox 490 1677 640 1729; x_wconf 80' lang='grc' dir='ltr'>Παυσανίου</span> <span class='ocrx_word' id='word_1_168' title='bbox 658 1674 796 1743; x_wconf 79' lang='grc' dir='ltr'>(ἐπίθεσις)</span> <span class='ocrx_word' id='word_1_169' title='bbox 817 1675 903 1728; x_wconf 83' lang='grc' dir='ltr'><strong>διὰ</strong></span> <span class='ocrx_word' id='word_1_170' title='bbox 877 1698 907 1728; x_wconf 95' lang='grc' dir='ltr'>το</span> <span class='ocrx_word' id='word_1_171' title='bbox 926 1676 1000 1729; x_wconf 60' lang='lat' dir='ltr'><strong>&amp;aaa</strong></span> <span class='ocrx_word' id='word_1_172' title='bbox 1021 1677 1225 1744; x_wconf 76' lang='grc' dir='ltr'>υβρισθῆναι’</span> <span class='ocrx_word' id='word_1_173' title='bbox 1195 1681 1274 1731; x_wconf 87' lang='grc' dir='ltr'>αυτόν</span> 
     </span>
     <span class='ocr_line' id='line_1_19' title="bbox 122 1741 1272 1818; baseline 0.003 -18"><span class='ocrx_word' id='word_1_174' title='bbox 122 1747 172 1800; x_wconf 77' lang='grc' dir='ltr'><strong>ὑπὸ</strong></span> <span class='ocrx_word' id='word_1_175' title='bbox 184 1752 235 1800; x_wconf 82' lang='grc' dir='ltr'>τῶν</span> <span class='ocrx_word' id='word_1_176' title='bbox 246 1747 304 1816; x_wconf 82' lang='grc' dir='ltr'>περὶ</span> <span class='ocrx_word' id='word_1_177' title='bbox 310 1741 452 1801; x_wconf 75' lang='grc' dir='ltr'>Ἀτταλον.</span> <span class='ocrx_word' id='word_1_178' title='bbox 490 1746 602 1800; x_wconf 86' lang='lat' dir='ltr'><strong>Nobilis</strong></span> <span class='ocrx_word' id='word_1_179' title='bbox 622 1746 694 1800; x_wconf 84' lang='lat' dir='ltr'><strong>inter</strong></span> <span class='ocrx_word' id='word_1_180' title='bbox 711 1747 816 1801; x_wconf 81' lang='grc' dir='ltr'>παιδικὰ</span> <span class='ocrx_word' id='word_1_181' title='bbox 835 1746 951 1816; x_wconf 84' lang='grc' dir='ltr'>δράματα</span> <span class='ocrx_word' id='word_1_182' title='bbox 969 1747 1041 1801; x_wconf 87' lang='lat' dir='ltr'><strong>haec</strong></span> <span class='ocrx_word' id='word_1_183' title='bbox 1059 1764 1135 1800; x_wconf 89' lang='lat' dir='ltr'><strong>mors</strong></span> <span class='ocrx_word' id='word_1_184' title='bbox 1150 1748 1272 1818; x_wconf 89' lang='lat' dir='ltr'><strong>Philippi</strong></span> 
     </span>
     <span class='ocr_line' id='line_1_20' title="bbox 123 1816 1348 1900; baseline 0.002 -30"><span class='ocrx_word' id='word_1_185' title='bbox 123 1817 192 1871; x_wconf 83' lang='lat' dir='ltr'><strong>tuit:</strong></span> <span class='ocrx_word' id='word_1_186' title='bbox 218 1834 286 1871; x_wconf 91' lang='lat' dir='ltr'><strong>narn</strong></span> <span class='ocrx_word' id='word_1_187' title='bbox 307 1827 335 1872; x_wconf 90' lang='lat' dir='ltr'><strong>et</strong></span> <span class='ocrx_word' id='word_1_188' title='bbox 354 1818 544 1872; x_wconf 86' lang='lat' dir='ltr'><strong>Alexander</strong></span> <span class='ocrx_word' id='word_1_189' title='bbox 537 1835 560 1871; x_wconf 93' lang='lat' dir='ltr'><strong>1s</strong></span> <span class='ocrx_word' id='word_1_190' title='bbox 583 1817 612 1871; x_wconf 92' lang='lat' dir='ltr'><strong>in</strong></span> <span class='ocrx_word' id='word_1_191' title='bbox 635 1817 714 1898; x_wconf 81' lang='lat' dir='ltr'><strong>cuius</strong></span> <span class='ocrx_word' id='word_1_192' title='bbox 735 1816 840 1886; x_wconf 91' lang='lat' dir='ltr'><strong>nuptiis</strong></span> <span class='ocrx_word' id='word_1_193' title='bbox 860 1817 936 1871; x_wconf 88' lang='lat' dir='ltr'><strong>facta</strong></span> <span class='ocrx_word' id='word_1_194' title='bbox 954 1827 1005 1885; x_wconf 87' lang='lat' dir='ltr'><strong>est,</strong></span> <span class='ocrx_word' id='word_1_195' title='bbox 1025 1826 1152 1888; x_wconf 87' lang='lat' dir='ltr'><strong>stuprum</strong></span> <span class='ocrx_word' id='word_1_196' title='bbox 1172 1836 1191 1900; x_wconf 82' lang='lat' dir='ltr'><strong>a</strong></span> <span class='ocrx_word' id='word_1_197' title='bbox 1209 1820 1274 1873; x_wconf 91' lang='lat' dir='ltr'><strong>Phi·</strong></span> <span class='ocrx_word' id='word_1_198' title='bbox 1346 1830 1348 1834; x_wconf 85' lang='lat'>&#39;</span> 
     </span>
     <span class='ocr_line' id='line_1_21' title="bbox 123 1886 1273 1968; baseline 0.004 -28"><span class='ocrx_word' id='word_1_199' title='bbox 123 1887 203 1968; x_wconf 83' lang='lat' dir='ltr'><strong>lippo</strong></span> <span class='ocrx_word' id='word_1_200' title='bbox 230 1905 331 1958; x_wconf 90' lang='lat' dir='ltr'><strong>passus</strong></span> <span class='ocrx_word' id='word_1_201' title='bbox 357 1889 455 1956; x_wconf 87' lang='lat' dir='ltr'><strong>tuerat,</strong></span> <span class='ocrx_word' id='word_1_202' title='bbox 482 1888 592 1956; x_wconf 90' lang='lat' dir='ltr'><strong>(lustin.</strong></span> <span class='ocrx_word' id='word_1_203' title='bbox 619 1887 675 1943; x_wconf 92' lang='lat' dir='ltr'><strong>viii.</strong></span> <span class='ocrx_word' id='word_1_204' title='bbox 700 1886 737 1956; x_wconf 85' lang='lat'><strong>6),</strong></span> <span class='ocrx_word' id='word_1_205' title='bbox 763 1898 790 1942; x_wconf 90' lang='lat' dir='ltr'><strong>et</strong></span> <span class='ocrx_word' id='word_1_206' title='bbox 815 1887 976 1942; x_wconf 85' lang='lat' dir='ltr'><strong>interfector</strong></span> <span class='ocrx_word' id='word_1_207' title='bbox 1000 1890 1111 1957; x_wconf 82' lang='lat' dir='ltr'><strong>neglect</strong></span> <span class='ocrx_word' id='word_1_208' title='bbox 1113 1906 1159 1942; x_wconf 91' lang='lat' dir='ltr'><strong>am</strong></span> <span class='ocrx_word' id='word_1_209' title='bbox 1184 1889 1213 1943; x_wconf 91' lang='lat' dir='ltr'><strong>in</strong></span> <span class='ocrx_word' id='word_1_210' title='bbox 1242 1908 1273 1946; x_wconf 91' lang='lat' dir='ltr'><strong>se</strong></span> 
     </span>
     <span class='ocr_line' id='line_1_22' title="bbox 123 1957 1274 2041; baseline 0.003 -30"><span class='ocrx_word' id='word_1_211' title='bbox 123 1957 253 2012; x_wconf 90' lang='lat' dir='ltr'><strong>iniuriam</strong></span> <span class='ocrx_word' id='word_1_212' title='bbox 272 1958 359 2028; x_wconf 88' lang='lat' dir='ltr'><strong>stupri</strong></span> <span class='ocrx_word' id='word_1_213' title='bbox 379 1958 574 2014; x_wconf 88' lang='lat' dir='ltr'><strong>ulciscebatur.</strong></span> <span class='ocrx_word' id='word_1_214' title='bbox 613 1959 745 2040; x_wconf 81' lang='lat' dir='ltr'><strong>Micyllus</strong></span> <span class='ocrx_word' id='word_1_215' title='bbox 762 1957 914 2012; x_wconf 88' lang='lat' dir='ltr'><strong>locumt</strong></span> <span class='ocrx_word' id='word_1_216' title='bbox 873 1967 914 2012; x_wconf 88' lang='grc' dir='ltr'>111ι</span> <span class='ocrx_word' id='word_1_217' title='bbox 916 1976 973 2027; x_wconf 91' lang='lat' dir='ltr'><strong>erp</strong></span> <span class='ocrx_word' id='word_1_218' title='bbox 993 1960 1028 2012; x_wconf 90' lang='lat' dir='ltr'><strong>de</strong></span> <span class='ocrx_word' id='word_1_219' title='bbox 1048 1959 1189 2013; x_wconf 89' lang='lat' dir='ltr'><strong>Archelao</strong></span> <span class='ocrx_word' id='word_1_220' title='bbox 1203 1978 1274 2041; x_wconf 36' lang='lat' dir='ltr'><strong>&#39;rege</strong></span> 
     </span>
     <span class='ocr_line' id='line_1_23' title="bbox 125 2029 1274 2111; baseline 0.003 -29"><span class='ocrx_word' id='word_1_221' title='bbox 125 2030 320 2098; x_wconf 88' lang='lat' dir='ltr'><strong>Macedoniae,</strong></span> <span class='ocrx_word' id='word_1_222' title='bbox 347 2047 431 2099; x_wconf 91' lang='lat' dir='ltr'><strong>quern</strong></span> <span class='ocrx_word' id='word_1_223' title='bbox 460 2032 595 2084; x_wconf 88' lang='lat' dir='ltr'><strong>Crateuas</strong></span> <span class='ocrx_word' id='word_1_224' title='bbox 616 2029 676 2083; x_wconf 92' lang='lat' dir='ltr'><strong>siue</strong></span> <span class='ocrx_word' id='word_1_225' title='bbox 700 2031 825 2111; x_wconf 79' lang='lat' dir='ltr'><strong>CrateaS,</strong></span> <span class='ocrx_word' id='word_1_226' title='bbox 845 2046 914 2098; x_wconf 91' lang='lat' dir='ltr'><strong>puer</strong></span> <span class='ocrx_word' id='word_1_227' title='bbox 934 2040 1054 2098; x_wconf 88' lang='lat' dir='ltr'><strong>amatus,</strong></span> <span class='ocrx_word' id='word_1_228' title='bbox 1073 2029 1176 2084; x_wconf 92' lang='lat' dir='ltr'><strong>occidit</strong></span> <span class='ocrx_word' id='word_1_229' title='bbox 1202 2030 1274 2085; x_wconf 91' lang='lat' dir='ltr'><strong>inter</strong></span> 
     </span>
     <span class='ocr_line' id='line_1_24' title="bbox 123 2100 1277 2168; baseline 0.003 -16"><span class='ocrx_word' id='word_1_230' title='bbox 123 2101 293 2154; x_wconf 81' lang='lat' dir='ltr'><strong>uenandunr.</strong></span> <span class='ocrx_word' id='word_1_231' title='bbox 344 2104 420 2154; x_wconf 88' lang='lat' dir='ltr'><strong>Nam</strong></span> <span class='ocrx_word' id='word_1_232' title='bbox 451 2110 523 2154; x_wconf 90' lang='lat' dir='ltr'><strong>teste</strong></span> <span class='ocrx_word' id='word_1_233' title='bbox 554 2101 663 2154; x_wconf 93' lang='lat' dir='ltr'><strong>Iustino</strong></span> <span class='ocrx_word' id='word_1_234' title='bbox 694 2100 739 2154; x_wconf 87' lang='lat' dir='ltr'><strong>vii</strong></span> <span class='ocrx_word' id='word_1_235' title='bbox 765 2116 782 2167; x_wconf 97' lang='grc'>4</span> <span class='ocrx_word' id='word_1_236' title='bbox 807 2102 953 2168; x_wconf 89' lang='lat' dir='ltr'><strong>Amyntas,</strong></span> <span class='ocrx_word' id='word_1_237' title='bbox 981 2100 1105 2154; x_wconf 90' lang='lat' dir='ltr'><strong>Menelai</strong></span> <span class='ocrx_word' id='word_1_238' title='bbox 1137 2101 1209 2155; x_wconf 87' lang='lat' dir='ltr'><strong>filius</strong></span> <span class='ocrx_word' id='word_1_239' title='bbox 1240 2120 1277 2156; x_wconf 81' lang='lat' dir='ltr'><strong>ex</strong></span> 
     </span>
     <span class='ocr_line' id='line_1_25' title="bbox 122 2171 1271 2259; baseline 0.003 -35.008"><span class='ocrx_word' id='word_1_240' title='bbox 122 2171 238 2259; x_wconf 77' lang='lat' dir='ltr'><strong>Gygaea</strong></span> <span class='ocrx_word' id='word_1_241' title='bbox 256 2172 456 2226; x_wconf 90' lang='lat' dir='ltr'><strong>Archelaum</strong></span> <span class='ocrx_word' id='word_1_242' title='bbox 475 2172 636 2225; x_wconf 73' lang='lat' dir='ltr'><strong>Aradarum</strong></span> <span class='ocrx_word' id='word_1_243' title='bbox 652 2171 817 2225; x_wconf 90' lang='lat' dir='ltr'><strong>Menelaum</strong></span> <span class='ocrx_word' id='word_1_244' title='bbox 829 2172 955 2225; x_wconf 86' lang='lat' dir='ltr'><strong>sustulit</strong></span> <span class='ocrx_word' id='word_1_245' title='bbox 993 2172 1062 2224; x_wconf 87' lang='lat' dir='ltr'><strong>Plat.</strong></span> <span class='ocrx_word' id='word_1_246' title='bbox 1076 2171 1199 2226; x_wconf 88' lang='lat' dir='ltr'><strong>Alcib.&#39;&#39;</strong></span> <span class='ocrx_word' id='word_1_247' title='bbox 1181 2189 1208 2225; x_wconf 91' lang='grc'><strong>11.</strong></span> <span class='ocrx_word' id='word_1_248' title='bbox 1226 2188 1271 2239; x_wconf 91' lang='grc'><strong>141</strong></span> 
     </span>
     <span class='ocr_line' id='line_1_26' title="bbox 122 2239 1276 2333; baseline 0.003 -41.028"><span class='ocrx_word' id='word_1_249' title='bbox 122 2239 309 2333; x_wconf 80' lang='grc' dir='ltr'>Ἀρχέλαον</span> <span class='ocrx_word' id='word_1_250' title='bbox 283 2264 328 2295; x_wconf 90' lang='grc' dir='ltr'>τον</span> <span class='ocrx_word' id='word_1_251' title='bbox 345 2242 542 2295; x_wconf 83' lang='grc' dir='ltr'>Μακεδόνων</span> <span class='ocrx_word' id='word_1_252' title='bbox 514 2263 635 2310; x_wconf 91' lang='grc' dir='ltr'>τυραννον</span> <span class='ocrx_word' id='word_1_253' title='bbox 654 2264 686 2295; x_wconf 92' lang='grc' dir='ltr'><strong>τα</strong></span> <span class='ocrx_word' id='word_1_254' title='bbox 675 2242 806 2295; x_wconf 85' lang='grc' dir='ltr'>παιδικὰ</span> <span class='ocrx_word' id='word_1_255' title='bbox 821 2242 1009 2310; x_wconf 73' lang='grc' dir='ltr'>ἐρασθέντα</span> <span class='ocrx_word' id='word_1_256' title='bbox 981 2263 1026 2308; x_wconf 91' lang='grc' dir='ltr'>της</span> <span class='ocrx_word' id='word_1_257' title='bbox 1042 2242 1189 2310; x_wconf 86' lang='grc' dir='ltr'>τυραννίδος</span> <span class='ocrx_word' id='word_1_258' title='bbox 1201 2243 1276 2296; x_wconf 78' lang='grc' dir='ltr'>ουδέν</span> 
     </span>
     <span class='ocr_line' id='line_1_27' title="bbox 122 2309 1275 2398; baseline 0.002 -33"><span class='ocrx_word' id='word_1_259' title='bbox 122 2309 198 2379; x_wconf 82' lang='grc' dir='ltr'>ἦττον</span> <span class='ocrx_word' id='word_1_260' title='bbox 211 2315 275 2380; x_wconf 78' lang='grc' dir='ltr'>ἤπερ</span> <span class='ocrx_word' id='word_1_261' title='bbox 294 2313 389 2367; x_wconf 76' lang='grc' dir='ltr'>ἐκεῖνος</span> <span class='ocrx_word' id='word_1_262' title='bbox 412 2317 463 2366; x_wconf 88' lang='grc' dir='ltr'><strong>τῶν</strong></span> <span class='ocrx_word' id='word_1_263' title='bbox 481 2312 645 2368; x_wconf 83' lang='grc' dir='ltr'>παιδικῶν</span> <span class='ocrx_word' id='word_1_264' title='bbox 630 2313 759 2366; x_wconf 81' lang='grc' dir='ltr'>απέκτεινε</span> <span class='ocrx_word' id='word_1_265' title='bbox 780 2313 825 2366; x_wconf 86' lang='grc' dir='ltr'>τὸν</span> <span class='ocrx_word' id='word_1_266' title='bbox 845 2311 966 2398; x_wconf 79' lang='grc' dir='ltr'>ε’ραστὴν,</span> <span class='ocrx_word' id='word_1_267' title='bbox 986 2313 1020 2367; x_wconf 84' lang='grc' dir='ltr'><strong>ὧς</strong></span> <span class='ocrx_word' id='word_1_268' title='bbox 1040 2311 1162 2381; x_wconf 75' lang='grc' dir='ltr'>τύραννός</span> <span class='ocrx_word' id='word_1_269' title='bbox 1181 2335 1209 2366; x_wconf 85' lang='grc' dir='ltr'><strong>τε</strong></span> <span class='ocrx_word' id='word_1_270' title='bbox 1234 2315 1275 2368; x_wconf 78' lang='grc' dir='ltr'><strong>καὶ</strong></span> 
     </span>
     <span class='ocr_line' id='line_1_28' title="bbox 122 2380 1275 2475; baseline 0.004 -41"><span class='ocrx_word' id='word_1_271' title='bbox 122 2382 321 2475; x_wconf 78' lang='grc' dir='ltr'>ευδαίμωνρνίηρ</span> <span class='ocrx_word' id='word_1_272' title='bbox 340 2383 471 2475; x_wconf 75' lang='grc' dir='ltr'>ἐσόμενος.</span> <span class='ocrx_word' id='word_1_273' title='bbox 507 2384 592 2437; x_wconf 84' lang='lat' dir='ltr'><strong>Arist.</strong></span> <span class='ocrx_word' id='word_1_274' title='bbox 607 2384 667 2436; x_wconf 91' lang='lat' dir='ltr'><strong>Pol.</strong></span> <span class='ocrx_word' id='word_1_275' title='bbox 680 2402 703 2437; x_wconf 92' lang='lat' dir='ltr'><strong>v.</strong></span> <span class='ocrx_word' id='word_1_276' title='bbox 722 2399 760 2438; x_wconf 88' lang='lat'><strong>10.</strong></span> <span class='ocrx_word' id='word_1_277' title='bbox 778 2396 808 2449; x_wconf 89' lang='lat'><strong>17</strong></span> <span class='ocrx_word' id='word_1_278' title='bbox 821 2380 966 2436; x_wconf 83' lang='grc' dir='ltr'>Πολλαὶδ’</span> <span class='ocrx_word' id='word_1_279' title='bbox 980 2382 1110 2438; x_wconf 74' lang='grc' dir='ltr'><strong>ἐπιθέσεις</strong></span> <span class='ocrx_word' id='word_1_280' title='bbox 1127 2385 1275 2453; x_wconf 80' lang='grc' dir='ltr'>γεγένηνται</span> 
     </span>
     <span class='ocr_line' id='line_1_29' title="bbox 123 2450 1276 2545; baseline 0.004 -40"><span class='ocrx_word' id='word_1_281' title='bbox 123 2454 164 2506; x_wconf 81' lang='grc' dir='ltr'><strong>καὶ</strong></span> <span class='ocrx_word' id='word_1_282' title='bbox 181 2454 265 2506; x_wconf 86' lang='grc' dir='ltr'><strong>διὰ</strong></span> <span class='ocrx_word' id='word_1_283' title='bbox 238 2477 268 2507; x_wconf 92' lang='grc' dir='ltr'>το</span> <span class='ocrx_word' id='word_1_284' title='bbox 285 2454 320 2509; x_wconf 84' lang='grc' dir='ltr'>εἷς</span> <span class='ocrx_word' id='word_1_285' title='bbox 339 2455 368 2506; x_wconf 86' lang='grc' dir='ltr'>τὸ</span> <span class='ocrx_word' id='word_1_286' title='bbox 386 2459 460 2522; x_wconf 84' lang='grc' dir='ltr'>σῶμα</span> <span class='ocrx_word' id='word_1_287' title='bbox 477 2455 612 2545; x_wconf 81' lang='grc' dir='ltr'>αἰσχῦναι</span> <span class='ocrx_word' id='word_1_288' title='bbox 615 2460 665 2507; x_wconf 88' lang='grc' dir='ltr'>τῶν</span> <span class='ocrx_word' id='word_1_289' title='bbox 681 2455 818 2544; x_wconf 85' lang='grc' dir='ltr'>μονάρχων</span> <span class='ocrx_word' id='word_1_290' title='bbox 835 2476 913 2519; x_wconf 82' lang='grc' dir='ltr'>τινας,</span> <span class='ocrx_word' id='word_1_291' title='bbox 932 2450 987 2508; x_wconf 81' lang='grc' dir='ltr'>οἷον</span> <span class='ocrx_word' id='word_1_292' title='bbox 1003 2455 1043 2506; x_wconf 84' lang='grc' dir='ltr'><strong>καί</strong></span> <span class='ocrx_word' id='word_1_293' title='bbox 1060 2453 1075 2521; x_wconf 77' lang='grc' dir='ltr'>ἡ</span> <span class='ocrx_word' id='word_1_294' title='bbox 1094 2455 1262 2523; x_wconf 79' lang='grc' dir='ltr'>Κραταίου’</span> <span class='ocrx_word' id='word_1_295' title='bbox 1240 2477 1276 2511; x_wconf 88' lang='grc' dir='ltr'><strong>εις</strong></span> 
     </span>
     <span class='ocr_line' id='line_1_30' title="bbox 122 2520 1274 2616; baseline 0.004 -41.035"><span class='ocrx_word' id='word_1_296' title='bbox 122 2522 317 2614; x_wconf 66' lang='grc' dir='ltr'>Ἀρχεδςαον·’</span> <span class='ocrx_word' id='word_1_297' title='bbox 302 2547 349 2578; x_wconf 90' lang='grc' dir='ltr'><strong>αει</strong></span> <span class='ocrx_word' id='word_1_298' title='bbox 351 2546 425 2616; x_wconf 85' lang='grc' dir='ltr'><strong>γαρ</strong></span> <span class='ocrx_word' id='word_1_299' title='bbox 444 2520 612 2593; x_wconf 82' lang='grc' dir='ltr'>βαρεως</span> <span class='ocrx_word' id='word_1_300' title='bbox 582 2547 648 2594; x_wconf 86' lang='grc' dir='ltr'>ειχε</span> <span class='ocrx_word' id='word_1_301' title='bbox 666 2547 743 2594; x_wconf 90' lang='grc' dir='ltr'>προς</span> <span class='ocrx_word' id='word_1_302' title='bbox 760 2547 815 2592; x_wconf 89' lang='grc' dir='ltr'>την</span> <span class='ocrx_word' id='word_1_303' title='bbox 833 2525 966 2593; x_wconf 85' lang='grc' dir='ltr'>ομιλιαν</span> <span class='ocrx_word' id='word_1_304' title='bbox 1003 2526 1074 2580; x_wconf 88' lang='lat' dir='ltr'><strong>Plut.</strong></span> <span class='ocrx_word' id='word_1_305' title='bbox 1094 2527 1219 2580; x_wconf 86' lang='lat' dir='ltr'><strong>Amator.</strong></span> <span class='ocrx_word' id='word_1_306' title='bbox 1240 2542 1274 2594; x_wconf 88' lang='lat'><strong>23</strong></span> 
     </span>
     <span class='ocr_line' id='line_1_31' title="bbox 123 2593 1274 2666; baseline 0.004 -20"><span class='ocrx_word' id='word_1_307' title='bbox 123 2593 182 2649; x_wconf 86' lang='grc' dir='ltr'>ὅσοι</span> <span class='ocrx_word' id='word_1_308' title='bbox 196 2595 269 2648; x_wconf 77' lang='grc' dir='ltr'><strong>δὲ</strong></span> <span class='ocrx_word' id='word_1_309' title='bbox 238 2617 272 2663; x_wconf 86' lang='grc' dir='ltr'><strong>μη</strong></span> <span class='ocrx_word' id='word_1_310' title='bbox 288 2616 359 2648; x_wconf 87' lang='grc' dir='ltr'>κακοι</span> <span class='ocrx_word' id='word_1_311' title='bbox 351 2595 519 2664; x_wconf 79' lang='grc' dir='ltr'>πεφυκότες</span> <span class='ocrx_word' id='word_1_312' title='bbox 535 2595 760 2664; x_wconf 83' lang='grc' dir='ltr'>εξηπατηθησαν</span> <span class='ocrx_word' id='word_1_313' title='bbox 748 2618 762 2663; x_wconf 93' lang='grc' dir='ltr'>η</span> <span class='ocrx_word' id='word_1_314' title='bbox 781 2595 990 2663; x_wconf 71' lang='grc' dir='ltr'>κατεβιάσθησαν</span> <span class='ocrx_word' id='word_1_315' title='bbox 1002 2596 1117 2649; x_wconf 80' lang='grc' dir='ltr'>ἐνδοῦναι</span> <span class='ocrx_word' id='word_1_316' title='bbox 1136 2597 1176 2650; x_wconf 80' lang='grc' dir='ltr'><strong>καὶ</strong></span> <span class='ocrx_word' id='word_1_317' title='bbox 1191 2618 1274 2666; x_wconf 91' lang='grc' dir='ltr'>παρα·</span> 
     </span>
     <span class='ocr_line' id='line_1_32' title="bbox 124 2664 1276 2756; baseline 0.005 -39"><span class='ocrx_word' id='word_1_318' title='bbox 124 2668 199 2734; x_wconf 85' lang='grc' dir='ltr'>σχεῖν</span> <span class='ocrx_word' id='word_1_319' title='bbox 215 2664 327 2732; x_wconf 80' lang='grc' dir='ltr'>εαυτοῦς,</span> <span class='ocrx_word' id='word_1_320' title='bbox 341 2665 430 2719; x_wconf 81' lang='grc' dir='ltr'>ουδένα</span> <span class='ocrx_word' id='word_1_321' title='bbox 449 2665 580 2735; x_wconf 79' lang='grc' dir='ltr'>μᾶλλον</span> <span class='ocrx_word' id='word_1_322' title='bbox 568 2690 583 2734; x_wconf 89' lang='grc' dir='ltr'>η</span> <span class='ocrx_word' id='word_1_323' title='bbox 601 2666 662 2721; x_wconf 79' lang='grc' dir='ltr'>τοὺς</span> <span class='ocrx_word' id='word_1_324' title='bbox 678 2667 810 2721; x_wconf 78' lang='grc' dir='ltr'>διαθέντας</span> <span class='ocrx_word' id='word_1_325' title='bbox 828 2667 1023 2756; x_wconf 81' lang='grc' dir='ltr'>υφορίιμενοι</span> <span class='ocrx_word' id='word_1_326' title='bbox 1042 2666 1092 2719; x_wconf 87' lang='grc' dir='ltr'><strong>καὶ</strong></span> <span class='ocrx_word' id='word_1_327' title='bbox 1109 2670 1276 2734; x_wconf 83' lang='grc' dir='ltr'>μισοῦντες</span> 
     </span>
     <span class='ocr_line' id='line_1_33' title="bbox 123 2735 1274 2826; baseline 0.003 -38"><span class='ocrx_word' id='word_1_328' title='bbox 123 2735 306 2790; x_wconf 85' lang='grc' dir='ltr'>διατελοῦσι</span> <span class='ocrx_word' id='word_1_329' title='bbox 319 2759 360 2790; x_wconf 90' lang='grc' dir='ltr'><strong>και</strong></span> <span class='ocrx_word' id='word_1_330' title='bbox 376 2742 471 2806; x_wconf 82' lang='grc' dir='ltr'>πικρῶς</span> <span class='ocrx_word' id='word_1_331' title='bbox 486 2736 624 2805; x_wconf 76' lang='grc' dir='ltr'>ἀμύνονται</span> <span class='ocrx_word' id='word_1_332' title='bbox 638 2758 726 2806; x_wconf 91' lang='grc' dir='ltr'>καιρου</span> <span class='ocrx_word' id='word_1_333' title='bbox 713 2738 905 2826; x_wconf 89' lang='grc' dir='ltr'>παραδόντος.</span> <span class='ocrx_word' id='word_1_334' title='bbox 935 2735 1080 2807; x_wconf 77' lang='grc' dir='ltr'>Αρχέλαόν</span> <span class='ocrx_word' id='word_1_335' title='bbox 1092 2759 1121 2790; x_wconf 88' lang='grc' dir='ltr'><strong>τε</strong></span> <span class='ocrx_word' id='word_1_336' title='bbox 1132 2738 1183 2806; x_wconf 86' lang='grc' dir='ltr'><strong>γαρ</strong></span> <span class='ocrx_word' id='word_1_337' title='bbox 1195 2738 1274 2791; x_wconf 81' lang='grc' dir='ltr'>ἀπέκ-</span> 
     </span>
     <span class='ocr_line' id='line_1_34' title="bbox 123 2805 1273 2876; baseline 0.004 -18"><span class='ocrx_word' id='word_1_338' title='bbox 123 2828 187 2859; x_wconf 90' lang='grc' dir='ltr'>τεινε</span> <span class='ocrx_word' id='word_1_339' title='bbox 200 2808 583 2876; x_wconf 75' lang='grc' dir='ltr'>Κρατέαςέρόιμενοςγεγονώς,</span> <span class='ocrx_word' id='word_1_340' title='bbox 598 2808 638 2861; x_wconf 84' lang='grc' dir='ltr'><strong>καὶ</strong></span> <span class='ocrx_word' id='word_1_341' title='bbox 650 2810 695 2862; x_wconf 88' lang='grc' dir='ltr'>τδν</span> <span class='ocrx_word' id='word_1_342' title='bbox 707 2811 815 2876; x_wconf 84' lang='grc' dir='ltr'>Φεραῖον</span> <span class='ocrx_word' id='word_1_343' title='bbox 826 2805 1155 2876; x_wconf 80' lang='grc' dir='ltr'>ἈλεξανδρονΠυθόλαος</span> <span class='ocrx_word' id='word_1_344' title='bbox 1187 2809 1273 2864; x_wconf 85' lang='lat' dir='ltr'><strong>Diod.</strong></span> 
     </span>
     <span class='ocr_line' id='line_1_35' title="bbox 123 2877 1273 2959; baseline 0.004 -30"><span class='ocrx_word' id='word_1_345' title='bbox 123 2877 176 2932; x_wconf 89' lang='lat' dir='ltr'><strong>xiv.</strong></span> <span class='ocrx_word' id='word_1_346' title='bbox 191 2891 232 2946; x_wconf 84' lang='lat'><strong>37,</strong></span> <span class='ocrx_word' id='word_1_347' title='bbox 246 2878 294 2932; x_wconf 90' lang='lat' dir='ltr'><strong>ubi</strong></span> <span class='ocrx_word' id='word_1_348' title='bbox 308 2889 403 2932; x_wconf 85' lang='lat' dir='ltr'><strong>tamen</strong></span> <span class='ocrx_word' id='word_1_349' title='bbox 420 2878 523 2933; x_wconf 86' lang='lat' dir='ltr'><strong>dicitur</strong></span> <span class='ocrx_word' id='word_1_350' title='bbox 535 2879 717 2933; x_wconf 87' lang='lat' dir='ltr'><strong>Archelaus&#39;</strong></span> <span class='ocrx_word' id='word_1_351' title='bbox 704 2900 731 2931; x_wconf 91' lang='grc' dir='ltr'>εν</span> <span class='ocrx_word' id='word_1_352' title='bbox 742 2900 791 2933; x_wconf 87' lang='grc' dir='ltr'>τινι</span> <span class='ocrx_word' id='word_1_353' title='bbox 804 2878 912 2959; x_wconf 85' lang='grc' dir='ltr'>κυνηγίῳ</span> <span class='ocrx_word' id='word_1_354' title='bbox 927 2878 1068 2959; x_wconf 82' lang='grc' dir='ltr'>πληγεὶς’</span> <span class='ocrx_word' id='word_1_355' title='bbox 1053 2880 1206 2934; x_wconf 89' lang='grc' dir='ltr'>ακουσίως</span> <span class='ocrx_word' id='word_1_356' title='bbox 1224 2880 1273 2934; x_wconf 84' lang='grc' dir='ltr'><strong>ὑπὸ</strong></span> 
     </span>
     <span class='ocr_line' id='line_1_36' title="bbox 123 2931 1273 3019; baseline 0.004 -20"><span class='ocrx_word' id='word_1_357' title='bbox 123 2949 255 3017; x_wconf 85' lang='grc' dir='ltr'>Κρατέρου</span> <span class='ocrx_word' id='word_1_358' title='bbox 268 2953 314 3002; x_wconf 86' lang='grc' dir='ltr'>τοῦ</span> <span class='ocrx_word' id='word_1_359' title='bbox 326 2949 461 3017; x_wconf 84' lang='grc' dir='ltr'>ἐρωμένου.</span> <span class='ocrx_word' id='word_1_360' title='bbox 499 2949 575 3003; x_wconf 90' lang='lat' dir='ltr'><strong>Huic</strong></span> <span class='ocrx_word' id='word_1_361' title='bbox 594 2949 752 3003; x_wconf 88' lang='lat' dir='ltr'><strong>sententiae</strong></span> <span class='ocrx_word' id='word_1_362' title='bbox 770 2958 819 3018; x_wconf 90' lang='lat' dir='ltr'><strong>pot</strong></span> <span class='ocrx_word' id='word_1_363' title='bbox 821 2948 863 3002; x_wconf 92' lang='lat' dir='ltr'><strong>ius</strong></span> <span class='ocrx_word' id='word_1_364' title='bbox 882 2931 1038 3017; x_wconf 88' lang='lat' dir='ltr'><strong>adstipulor</strong></span> <span class='ocrx_word' id='word_1_365' title='bbox 1055 2947 1094 3016; x_wconf 83' lang='lat'>(11)</span> <span class='ocrx_word' id='word_1_366' title='bbox 1111 2950 1187 3019; x_wconf 93' lang='lat' dir='ltr'><strong>quod</strong></span> <span class='ocrx_word' id='word_1_367' title='bbox 1202 2951 1273 3004; x_wconf 90' lang='lat' dir='ltr'><strong>Pau·</strong></span> 
     </span>
     <span class='ocr_line' id='line_1_37' title="bbox 124 3018 1274 3100; baseline 0.003 -28"><span class='ocrx_word' id='word_1_368' title='bbox 124 3018 218 3072; x_wconf 87' lang='lat' dir='ltr'><strong>sanias</strong></span> <span class='ocrx_word' id='word_1_369' title='bbox 232 3036 289 3073; x_wconf 91' lang='lat' dir='ltr'><strong>non</strong></span> <span class='ocrx_word' id='word_1_370' title='bbox 306 3019 418 3089; x_wconf 92' lang='lat' dir='ltr'><strong>abipso</strong></span> <span class='ocrx_word' id='word_1_371' title='bbox 438 3019 569 3089; x_wconf 93' lang='lat' dir='ltr'><strong>Philippo</strong></span> <span class='ocrx_word' id='word_1_372' title='bbox 588 3019 709 3074; x_wconf 92' lang='lat' dir='ltr'><strong>uiolatus</strong></span> <span class='ocrx_word' id='word_1_373' title='bbox 727 3030 777 3087; x_wconf 93' lang='lat' dir='ltr'><strong>est,</strong></span> <span class='ocrx_word' id='word_1_374' title='bbox 792 3020 843 3100; x_wconf 82' lang='lat' dir='ltr'><strong>sed</strong></span> <span class='ocrx_word' id='word_1_375' title='bbox 858 3019 894 3073; x_wconf 93' lang='lat' dir='ltr'><strong>ab</strong></span> <span class='ocrx_word' id='word_1_376' title='bbox 907 3020 1021 3073; x_wconf 90' lang='lat' dir='ltr'><strong>Attalo:</strong></span> <span class='ocrx_word' id='word_1_377' title='bbox 1041 3036 1133 3088; x_wconf 91' lang='lat' dir='ltr'><strong>neque</strong></span> <span class='ocrx_word' id='word_1_378' title='bbox 1147 3037 1212 3074; x_wconf 89' lang='lat' dir='ltr'><strong>eum</strong></span> <span class='ocrx_word' id='word_1_379' title='bbox 1225 3020 1274 3090; x_wconf 92' lang='lat' dir='ltr'><strong>qui</strong></span> 
     </span>
     <span class='ocr_line' id='line_1_38' title="bbox 124 3061 1274 3161; baseline 0.003 -19"><span class='ocrx_word' id='word_1_380' title='bbox 124 3100 339 3159; x_wconf 89' lang='lat' dir='ltr'><strong>constuprarunt</strong></span> <span class='ocrx_word' id='word_1_381' title='bbox 352 3093 436 3161; x_wconf 90' lang='lat' dir='ltr'><strong>turpi</strong></span> <span class='ocrx_word' id='word_1_382' title='bbox 445 3108 540 3144; x_wconf 88' lang='lat' dir='ltr'><strong>amere</strong></span> <span class='ocrx_word' id='word_1_383' title='bbox 551 3091 719 3157; x_wconf 79' lang='lat' dir='ltr'><strong>dilexerunt,</strong></span> <span class='ocrx_word' id='word_1_384' title='bbox 733 3061 804 3144; x_wconf 88' lang='lat' dir='ltr'><strong>sed</strong></span> <span class='ocrx_word' id='word_1_385' title='bbox 797 3089 927 3143; x_wconf 79' lang='lat' dir='ltr'><strong>iniuriam</strong></span> <span class='ocrx_word' id='word_1_386' title='bbox 940 3089 1148 3143; x_wconf 89' lang='lat' dir='ltr'><strong>ulciscebantur</strong></span> <span class='ocrx_word' id='word_1_387' title='bbox 1160 3091 1274 3145; x_wconf 90' lang='lat' dir='ltr'><strong>alterius</strong></span> 
     </span>
     <span class='ocr_line' id='line_1_39' title="bbox 125 3159 1275 3249; baseline 0.002 -36"><span class='ocrx_word' id='word_1_388' title='bbox 125 3161 282 3240; x_wconf 90' lang='lat' dir='ltr'><strong>Pausaniae</strong></span> <span class='ocrx_word' id='word_1_389' title='bbox 299 3161 346 3230; x_wconf 93' lang='lat' dir='ltr'><strong>qui</strong></span> <span class='ocrx_word' id='word_1_390' title='bbox 364 3179 462 3216; x_wconf 91' lang='lat' dir='ltr'><strong>reuera</strong></span> <span class='ocrx_word' id='word_1_391' title='bbox 478 3162 583 3215; x_wconf 83' lang='grc' dir='ltr'>παιδικὰ</span> <span class='ocrx_word' id='word_1_392' title='bbox 596 3161 685 3215; x_wconf 89' lang='lat' dir='ltr'><strong>fuerat</strong></span> <span class='ocrx_word' id='word_1_393' title='bbox 700 3161 830 3231; x_wconf 93' lang='lat' dir='ltr'><strong>Philippo</strong></span> <span class='ocrx_word' id='word_1_394' title='bbox 845 3159 941 3228; x_wconf 89' lang='lat' dir='ltr'><strong>(Diod</strong></span> <span class='ocrx_word' id='word_1_395' title='bbox 955 3160 1009 3214; x_wconf 88' lang='lat' dir='ltr'><strong>xvi.</strong></span> <span class='ocrx_word' id='word_1_396' title='bbox 1023 3159 1077 3249; x_wconf 88' lang='lat'><strong>93).</strong></span> <span class='ocrx_word' id='word_1_397' title='bbox 1116 3159 1154 3229; x_wconf 87' lang='lat'><strong>(2)</strong></span> <span class='ocrx_word' id='word_1_398' title='bbox 1170 3163 1275 3216; x_wconf 91' lang='lat' dir='ltr'><strong>Pausa-</strong></span> 
     </span>
     <span class='ocr_line' id='line_1_40' title="bbox 123 3230 1273 3300; baseline 0.003 -16"><span class='ocrx_word' id='word_1_399' title='bbox 123 3230 186 3284; x_wconf 88' lang='lat' dir='ltr'><strong>nias</strong></span> <span class='ocrx_word' id='word_1_400' title='bbox 205 3231 354 3300; x_wconf 91' lang='lat' dir='ltr'><strong>pueritiam</strong></span> <span class='ocrx_word' id='word_1_401' title='bbox 373 3249 503 3300; x_wconf 86' lang='lat' dir='ltr'><strong>egressus</strong></span> <span class='ocrx_word' id='word_1_402' title='bbox 522 3249 578 3285; x_wconf 93' lang='lat' dir='ltr'><strong>non</strong></span> <span class='ocrx_word' id='word_1_403' title='bbox 599 3231 656 3286; x_wconf 91' lang='lat' dir='ltr'><strong>iam</strong></span> <span class='ocrx_word' id='word_1_404' title='bbox 673 3235 751 3300; x_wconf 86' lang='lat' dir='ltr'><strong>puer</strong></span> <span class='ocrx_word' id='word_1_405' title='bbox 767 3232 850 3285; x_wconf 91' lang='lat' dir='ltr'><strong>sed</strong></span> <span class='ocrx_word' id='word_1_406' title='bbox 836 3233 949 3285; x_wconf 85' lang='lat' dir='ltr'><strong>iuuenis</strong></span> <span class='ocrx_word' id='word_1_407' title='bbox 967 3232 1012 3284; x_wconf 94' lang='lat' dir='ltr'><strong>uel</strong></span> <span class='ocrx_word' id='word_1_408' title='bbox 1033 3232 1166 3285; x_wconf 74' lang='lat' dir='ltr'><strong>redituros</strong></span> <span class='ocrx_word' id='word_1_409' title='bbox 1189 3233 1273 3300; x_wconf 85' lang='lat' dir='ltr'><strong>(Plut.</strong></span> 
     </span>
     <span class='ocr_line' id='line_1_41' title="bbox 124 3301 1274 3384; baseline 0.003 -30"><span class='ocrx_word' id='word_1_410' title='bbox 124 3302 203 3355; x_wconf 90' lang='lat' dir='ltr'><strong>Alex.</strong></span> <span class='ocrx_word' id='word_1_411' title='bbox 218 3302 259 3369; x_wconf 87' lang='grc' dir='ltr'><strong>ιο)</strong></span> <span class='ocrx_word' id='word_1_412' title='bbox 270 3312 297 3356; x_wconf 90' lang='lat' dir='ltr'><strong>et</strong></span> <span class='ocrx_word' id='word_1_413' title='bbox 307 3303 379 3356; x_wconf 91' lang='lat' dir='ltr'><strong>inter</strong></span> <span class='ocrx_word' id='word_1_414' title='bbox 384 3302 512 3384; x_wconf 81' lang='lat' dir='ltr'><strong>Philippi</strong></span> <span class='ocrx_word' id='word_1_415' title='bbox 522 3301 748 3371; x_wconf 79' lang='grc' dir='ltr'>σωματοφύλακας</span> <span class='ocrx_word' id='word_1_416' title='bbox 758 3312 824 3356; x_wconf 90' lang='lat' dir='ltr'><strong>erat.</strong></span> <span class='ocrx_word' id='word_1_417' title='bbox 852 3302 890 3370; x_wconf 88' lang='lat'><strong>(3)</strong></span> <span class='ocrx_word' id='word_1_418' title='bbox 904 3301 998 3356; x_wconf 89' lang='lat' dir='ltr'><strong>uerbis</strong></span> <span class='ocrx_word' id='word_1_419' title='bbox 1012 3304 1122 3356; x_wconf 83' lang='lat' dir='ltr'><strong>Oderit</strong></span> <span class='ocrx_word' id='word_1_420' title='bbox 1134 3307 1166 3355; x_wconf 86' lang='lat' dir='ltr'><strong>et</strong></span> <span class='ocrx_word' id='word_1_421' title='bbox 1178 3319 1274 3357; x_wconf 79' lang='lat' dir='ltr'><strong>saeuo</strong></span> 
     </span>
     <span class='ocr_line' id='line_1_42' title="bbox 123 3372 1274 3443; baseline 0.003 -19"><span class='ocrx_word' id='word_1_422' title='bbox 123 3376 269 3427; x_wconf 79' lang='lat' dir='ltr'><strong>uulnerat</strong></span> <span class='ocrx_word' id='word_1_423' title='bbox 281 3390 355 3427; x_wconf 82' lang='lat' dir='ltr'><strong>ense</strong></span> <span class='ocrx_word' id='word_1_424' title='bbox 368 3373 511 3427; x_wconf 90' lang='lat' dir='ltr'><strong>simillima</strong></span> <span class='ocrx_word' id='word_1_425' title='bbox 523 3384 588 3428; x_wconf 89' lang='lat' dir='ltr'><strong>sunt</strong></span> <span class='ocrx_word' id='word_1_426' title='bbox 599 3390 671 3443; x_wconf 91' lang='lat' dir='ltr'><strong>quae</strong></span> <span class='ocrx_word' id='word_1_427' title='bbox 684 3391 718 3427; x_wconf 90' lang='lat' dir='ltr'><strong>ex</strong></span> <span class='ocrx_word' id='word_1_428' title='bbox 727 3373 879 3427; x_wconf 89' lang='lat' dir='ltr'><strong>Aristotele</strong></span> <span class='ocrx_word' id='word_1_429' title='bbox 892 3381 920 3426; x_wconf 89' lang='lat' dir='ltr'><strong>et</strong></span> <span class='ocrx_word' id='word_1_430' title='bbox 909 3372 1082 3426; x_wconf 89' lang='lat' dir='ltr'><strong>tPlutarcho</strong></span> <span class='ocrx_word' id='word_1_431' title='bbox 1095 3381 1136 3427; x_wconf 88' lang='lat' dir='ltr'><strong>att</strong></span> <span class='ocrx_word' id='word_1_432' title='bbox 1113 3373 1183 3428; x_wconf 89' lang='lat' dir='ltr'><strong>ttuli.</strong></span> <span class='ocrx_word' id='word_1_433' title='bbox 1211 3376 1274 3428; x_wconf 91' lang='lat' dir='ltr'><strong>Nec</strong></span> 
     </span>
     <span class='ocr_line' id='line_1_43' title="bbox 124 3443 1273 3514; baseline 0.003 -19"><span class='ocrx_word' id='word_1_434' title='bbox 124 3452 219 3496; x_wconf 92' lang='lat' dir='ltr'><strong>tamen</strong></span> <span class='ocrx_word' id='word_1_435' title='bbox 242 3443 346 3498; x_wconf 91' lang='lat' dir='ltr'><strong>infitior</strong></span> <span class='ocrx_word' id='word_1_436' title='bbox 366 3444 517 3498; x_wconf 88' lang='lat' dir='ltr'><strong>Perdiccae</strong></span> <span class='ocrx_word' id='word_1_437' title='bbox 540 3444 636 3512; x_wconf 87' lang='lat' dir='ltr'><strong>filium,</strong></span> <span class='ocrx_word' id='word_1_438' title='bbox 654 3461 712 3498; x_wconf 92' lang='lat' dir='ltr'><strong>non</strong></span> <span class='ocrx_word' id='word_1_439' title='bbox 734 3446 884 3512; x_wconf 86' lang='lat' dir='ltr'><strong>Amyntae,</strong></span> <span class='ocrx_word' id='word_1_440' title='bbox 904 3461 921 3497; x_wconf 93' lang='lat' dir='ltr'><strong>a</strong></span> <span class='ocrx_word' id='word_1_441' title='bbox 942 3443 1083 3514; x_wconf 92' lang='lat' dir='ltr'><strong>plerisque</strong></span> <span class='ocrx_word' id='word_1_442' title='bbox 1101 3444 1273 3498; x_wconf 86' lang='lat' dir='ltr'><strong>Archelaum</strong></span> 
     </span>
     <span class='ocr_line' id='line_1_44' title="bbox 124 3513 1273 3571; baseline 0.003 -5"><span class='ocrx_word' id='word_1_443' title='bbox 124 3513 260 3568; x_wconf 89' lang='lat' dir='ltr'><strong>uocitari:</strong></span> <span class='ocrx_word' id='word_1_444' title='bbox 281 3524 308 3568; x_wconf 88' lang='lat' dir='ltr'><strong>et</strong></span> <span class='ocrx_word' id='word_1_445' title='bbox 324 3516 413 3569; x_wconf 90' lang='lat' dir='ltr'><strong>mulo</strong></span> <span class='ocrx_word' id='word_1_446' title='bbox 430 3515 597 3569; x_wconf 89' lang='lat' dir='ltr'><strong>celebratius</strong></span> <span class='ocrx_word' id='word_1_447' title='bbox 618 3515 775 3569; x_wconf 89' lang='lat' dir='ltr'><strong>Pausaniae</strong></span> <span class='ocrx_word' id='word_1_448' title='bbox 792 3514 901 3568; x_wconf 84' lang='lat' dir='ltr'><strong>facinus</strong></span> <span class='ocrx_word' id='word_1_449' title='bbox 917 3514 1011 3568; x_wconf 88' lang='lat' dir='ltr'><strong>fuisse.</strong></span> <span class='ocrx_word' id='word_1_450' title='bbox 1051 3517 1129 3568; x_wconf 92' lang='lat' dir='ltr'><strong>Nam</strong></span> <span class='ocrx_word' id='word_1_451' title='bbox 1147 3532 1181 3568; x_wconf 90' lang='lat' dir='ltr'><strong>ex</strong></span> <span class='ocrx_word' id='word_1_452' title='bbox 1197 3517 1273 3571; x_wconf 90' lang='lat' dir='ltr'><strong>Suet.</strong></span> 
     </span>
    </p>

    <p class='ocr_par' dir='ltr' id='par_1_5' title="bbox 116 3585 1315 4576">
     <span class='ocr_line' id='line_1_45' title="bbox 126 3585 1275 3654; baseline 0.003 -17"><span class='ocrx_word' id='word_1_453' title='bbox 126 3585 185 3638; x_wconf 90' lang='lat' dir='ltr'><strong>Cal</strong></span> <span class='ocrx_word' id='word_1_454' title='bbox 200 3597 241 3652; x_wconf 87' lang='lat'><strong>57,</strong></span> <span class='ocrx_word' id='word_1_455' title='bbox 260 3587 373 3654; x_wconf 89' lang='lat' dir='ltr'><strong>loseph.</strong></span> <span class='ocrx_word' id='word_1_456' title='bbox 390 3585 528 3654; x_wconf 89' lang='lat' dir='ltr'><strong>Antiqui.</strong></span> <span class='ocrx_word' id='word_1_457' title='bbox 541 3586 595 3640; x_wconf 89' lang='lat' dir='ltr'><strong>xix.</strong></span> <span class='ocrx_word' id='word_1_458' title='bbox 612 3601 633 3640; x_wconf 90' lang='lat'><strong>1.</strong></span> <span class='ocrx_word' id='word_1_459' title='bbox 651 3601 680 3654; x_wconf 86' lang='lat'><strong>13</strong></span> <span class='ocrx_word' id='word_1_460' title='bbox 694 3595 794 3640; x_wconf 91' lang='lat' dir='ltr'><strong>cons</strong></span> <span class='ocrx_word' id='word_1_461' title='bbox 776 3585 977 3654; x_wconf 88' lang='lat' dir='ltr'><strong>atCaligulam</strong></span> <span class='ocrx_word' id='word_1_462' title='bbox 996 3602 1013 3640; x_wconf 92' lang='lat' dir='ltr'><strong>a</strong></span> <span class='ocrx_word' id='word_1_463' title='bbox 1033 3585 1133 3639; x_wconf 82' lang='lat' dir='ltr'><strong>Cassio</strong></span> <span class='ocrx_word' id='word_1_464' title='bbox 1147 3587 1275 3641; x_wconf 87' lang='lat' dir='ltr'><strong>Chaerea</strong></span> 
     </span>
     <span class='ocr_line' id='line_1_46' title="bbox 125 3653 1273 3726; baseline 0.003 -19"><span class='ocrx_word' id='word_1_465' title='bbox 125 3653 301 3709; x_wconf 82' lang='lat' dir='ltr'><strong>interiectum</strong></span> <span class='ocrx_word' id='word_1_466' title='bbox 315 3673 378 3710; x_wconf 91' lang='lat' dir='ltr'><strong>esse</strong></span> <span class='ocrx_word' id='word_1_467' title='bbox 391 3666 438 3710; x_wconf 91' lang='lat' dir='ltr'><strong>aut</strong></span> <span class='ocrx_word' id='word_1_468' title='bbox 452 3656 553 3710; x_wconf 89' lang='lat' dir='ltr'><strong>eodem</strong></span> <span class='ocrx_word' id='word_1_469' title='bbox 569 3656 615 3710; x_wconf 92' lang='lat' dir='ltr'><strong>die</strong></span> <span class='ocrx_word' id='word_1_470' title='bbox 632 3667 680 3711; x_wconf 89' lang='lat' dir='ltr'><strong>aut</strong></span> <span class='ocrx_word' id='word_1_471' title='bbox 697 3666 762 3711; x_wconf 89' lang='lat' dir='ltr'><strong>acto</strong></span> <span class='ocrx_word' id='word_1_472' title='bbox 777 3656 806 3710; x_wconf 90' lang='lat' dir='ltr'><strong>in</strong></span> <span class='ocrx_word' id='word_1_473' title='bbox 822 3674 908 3711; x_wconf 90' lang='lat' dir='ltr'><strong>scena</strong></span> <span class='ocrx_word' id='word_1_474' title='bbox 924 3657 1026 3710; x_wconf 89' lang='lat' dir='ltr'><strong>eodem</strong></span> <span class='ocrx_word' id='word_1_475' title='bbox 1042 3658 1204 3726; x_wconf 89' lang='lat' dir='ltr'><strong>spectaculo</strong></span> <span class='ocrx_word' id='word_1_476' title='bbox 1217 3674 1273 3726; x_wconf 93' lang='lat' dir='ltr'><strong>quo</strong></span> 
     </span>
     <span class='ocr_line' id='line_1_47' title="bbox 125 3726 1274 3797; baseline 0.005 -20"><span class='ocrx_word' id='word_1_477' title='bbox 125 3726 281 3780; x_wconf 90' lang='lat' dir='ltr'><strong>Pausanias</strong></span> <span class='ocrx_word' id='word_1_478' title='bbox 303 3727 464 3796; x_wconf 90' lang='lat' dir='ltr'><strong>Philippum</strong></span> <span class='ocrx_word' id='word_1_479' title='bbox 484 3727 633 3781; x_wconf 90' lang='lat' dir='ltr'><strong>occiderat.</strong></span> <span class='ocrx_word' id='word_1_480' title='bbox 696 3731 763 3782; x_wconf 87' lang='grc'><strong>296.</strong></span> <span class='ocrx_word' id='word_1_481' title='bbox 787 3744 881 3783; x_wconf 82' lang='lat' dir='ltr'><strong>saeuo</strong></span> <span class='ocrx_word' id='word_1_482' title='bbox 902 3745 953 3797; x_wconf 90' lang='lat' dir='ltr'><strong>per</strong></span> <span class='ocrx_word' id='word_1_483' title='bbox 974 3727 1052 3781; x_wconf 89' lang='lat' dir='ltr'><strong>iram.</strong></span> <span class='ocrx_word' id='word_1_484' title='bbox 1119 3731 1187 3784; x_wconf 82' lang='grc'><strong>297.</strong></span> <span class='ocrx_word' id='word_1_485' title='bbox 1209 3730 1274 3783; x_wconf 82' lang='lat' dir='ltr'><strong>fide.</strong></span> 
     </span>
     <span class='ocr_line' id='line_1_48' title="bbox 123 3797 1273 3866; baseline 0.003 -16"><span class='ocrx_word' id='word_1_486' title='bbox 123 3797 252 3860; x_wconf 84' lang='lat' dir='ltr'><strong>poeula</strong></span> <span class='ocrx_word' id='word_1_487' title='bbox 245 3814 375 3865; x_wconf 83' lang='lat' dir='ltr'><strong>innocua</strong></span> <span class='ocrx_word' id='word_1_488' title='bbox 384 3814 494 3851; x_wconf 89' lang='lat' dir='ltr'><strong>ueneno</strong></span> <span class='ocrx_word' id='word_1_489' title='bbox 504 3797 637 3852; x_wconf 84' lang='lat' dir='ltr'><strong>carentia</strong></span> <span class='ocrx_word' id='word_1_490' title='bbox 652 3798 876 3853; x_wconf 77' lang='lat' dir='ltr'><strong>Sicluuenaliso.</strong></span> <span class='ocrx_word' id='word_1_491' title='bbox 881 3799 934 3866; x_wconf 87' lang='lat'><strong>630</strong></span> <span class='ocrx_word' id='word_1_492' title='bbox 941 3799 1019 3852; x_wconf 92' lang='lat' dir='ltr'><strong>nulli</strong></span> <span class='ocrx_word' id='word_1_493' title='bbox 1025 3799 1273 3854; x_wconf 85' lang='lat' dir='ltr'><strong>creditemensae</strong></span> 
     </span>
     <span class='ocr_line' id='line_1_49' title="bbox 124 3867 1276 3939; baseline 0.002 -19"><span class='ocrx_word' id='word_1_494' title='bbox 124 3867 231 3921; x_wconf 87' lang='lat' dir='ltr'><strong>Lim&#39;da</strong></span> <span class='ocrx_word' id='word_1_495' title='bbox 241 3874 368 3921; x_wconf 88' lang='lat' dir='ltr'><strong>materna</strong></span> <span class='ocrx_word' id='word_1_496' title='bbox 371 3870 491 3939; x_wconf 85' lang='lat' dir='ltr'><strong>seruent</strong></span> <span class='ocrx_word' id='word_1_497' title='bbox 499 3869 617 3938; x_wconf 89' lang='lat' dir='ltr'><strong>adipata</strong></span> <span class='ocrx_word' id='word_1_498' title='bbox 630 3887 743 3923; x_wconf 86' lang='lat' dir='ltr'><strong>uenena.</strong></span> <span class='ocrx_word' id='word_1_499' title='bbox 787 3872 857 3923; x_wconf 90' lang='grc'><strong>298.</strong></span> <span class='ocrx_word' id='word_1_500' title='bbox 868 3873 932 3931; x_wconf 77' lang='lat' dir='ltr'><strong>Qut</strong></span> <span class='ocrx_word' id='word_1_501' title='bbox 940 3871 1109 3923; x_wconf 87' lang='lat' dir='ltr'><strong>Alexander</strong></span> <span class='ocrx_word' id='word_1_502' title='bbox 1121 3871 1197 3923; x_wconf 91' lang='lat' dir='ltr'><strong>Curt.</strong></span> <span class='ocrx_word' id='word_1_503' title='bbox 1205 3889 1231 3922; x_wconf 93' lang='lat' dir='ltr'><strong>x.</strong></span> <span class='ocrx_word' id='word_1_504' title='bbox 1244 3886 1276 3922; x_wconf 93' lang='lat'><strong>10</strong></span> 
     </span>
     <span class='ocr_line' id='line_1_50' title="bbox 129 3938 1274 4011; baseline 0.002 -21"><span class='ocrx_word' id='word_1_505' title='bbox 129 3938 235 3991; x_wconf 84' lang='lat' dir='ltr'><strong>Veneno</strong></span> <span class='ocrx_word' id='word_1_506' title='bbox 247 3944 376 3992; x_wconf 88' lang='lat' dir='ltr'><strong>necatum</strong></span> <span class='ocrx_word' id='word_1_507' title='bbox 388 3957 444 3992; x_wconf 85' lang='lat' dir='ltr'><strong>esse</strong></span> <span class='ocrx_word' id='word_1_508' title='bbox 455 3940 594 3994; x_wconf 82' lang='lat' dir='ltr'><strong>credidere</strong></span> <span class='ocrx_word' id='word_1_509' title='bbox 600 3941 746 4011; x_wconf 75' lang='lat' dir='ltr'><strong>plerique:</strong></span> <span class='ocrx_word' id='word_1_510' title='bbox 756 3942 856 4011; x_wconf 86' lang='lat' dir='ltr'><strong>filium</strong></span> <span class='ocrx_word' id='word_1_511' title='bbox 868 3940 1025 4009; x_wconf 77' lang='lat' dir='ltr'><strong>Antipatri</strong></span> <span class='ocrx_word' id='word_1_512' title='bbox 1034 3942 1112 3992; x_wconf 90' lang='lat' dir='ltr'><strong>inter</strong></span> <span class='ocrx_word' id='word_1_513' title='bbox 1122 3942 1274 4008; x_wconf 76' lang='lat' dir='ltr'><strong>ministros,</strong></span> 
     </span>
     <span class='ocr_line' id='line_1_51' title="bbox 123 4009 1275 4079; baseline 0.002 -18"><span class='ocrx_word' id='word_1_514' title='bbox 123 4009 226 4061; x_wconf 84' lang='lat' dir='ltr'><strong>Iollam</strong></span> <span class='ocrx_word' id='word_1_515' title='bbox 237 4011 480 4079; x_wconf 76' lang='lat' dir='ltr'><strong>nomine,patms&#39;</strong></span> <span class='ocrx_word' id='word_1_516' title='bbox 467 4028 545 4063; x_wconf 90' lang='lat' dir='ltr'><strong>iussu</strong></span> <span class='ocrx_word' id='word_1_517' title='bbox 555 4012 666 4064; x_wconf 74' lang='lat' dir='ltr'><strong>dedisse.</strong></span> <span class='ocrx_word' id='word_1_518' title='bbox 692 4012 753 4064; x_wconf 89' lang='lat' dir='ltr'><strong>Vim</strong></span> <span class='ocrx_word' id='word_1_519' title='bbox 761 4017 855 4064; x_wconf 88' lang='lat' dir='ltr'><strong>autem</strong></span> <span class='ocrx_word' id='word_1_520' title='bbox 865 4027 973 4077; x_wconf 88' lang='lat' dir='ltr'><strong>ueneni,</strong></span> <span class='ocrx_word' id='word_1_521' title='bbox 983 4011 1097 4078; x_wconf 77' lang='lat' dir='ltr'><strong>quadan</strong></span> <span class='ocrx_word' id='word_1_522' title='bbox 1106 4011 1275 4063; x_wconf 82' lang='lat' dir='ltr'><strong>Macedonia</strong></span> 
     </span>
     <span class='ocr_line' id='line_1_52' title="bbox 119 4081 1279 4150; baseline 0.003 -18"><span class='ocrx_word' id='word_1_523' title='bbox 119 4081 265 4150; x_wconf 83' lang='lat' dir='ltr'><strong>gignitur,</strong></span> <span class='ocrx_word' id='word_1_524' title='bbox 278 4082 363 4134; x_wconf 90' lang='lat' dir='ltr'><strong>talem</strong></span> <span class='ocrx_word' id='word_1_525' title='bbox 378 4098 433 4134; x_wconf 86' lang='lat' dir='ltr'><strong>esse</strong></span> <span class='ocrx_word' id='word_1_526' title='bbox 445 4087 560 4149; x_wconf 85' lang='lat' dir='ltr'><strong>canstat,</strong></span> <span class='ocrx_word' id='word_1_527' title='bbox 573 4082 726 4166; x_wconf 85' lang='lat' dir='ltr'><strong>utferrum</strong></span> <span class='ocrx_word' id='word_1_528' title='bbox 739 4098 847 4150; x_wconf 88' lang='lat' dir='ltr'><strong>quaque</strong></span> <span class='ocrx_word' id='word_1_529' title='bbox 859 4086 969 4134; x_wconf 77' lang='lat' dir='ltr'><strong>exurat.</strong></span> <span class='ocrx_word' id='word_1_530' title='bbox 1001 4082 1140 4150; x_wconf 82' lang='lat' dir='ltr'><strong>ungulam</strong></span> <span class='ocrx_word' id='word_1_531' title='bbox 1156 4082 1279 4135; x_wconf 87' lang='lat' dir='ltr'><strong>i&#39;umenti</strong></span> 
     </span>
     <span class='ocr_line' id='line_1_53' title="bbox 123 4122 1315 4235; baseline 0.003 -33"><span class='ocrx_word' id='word_1_532' title='bbox 123 4151 276 4205; x_wconf 79' lang='lat' dir='ltr'><strong>dumtaxat</strong></span> <span class='ocrx_word' id='word_1_533' title='bbox 288 4153 444 4235; x_wconf 84' lang='lat' dir='ltr'><strong>patientem</strong></span> <span class='ocrx_word' id='word_1_534' title='bbox 460 4169 516 4205; x_wconf 86' lang='lat' dir='ltr'><strong>esse</strong></span> <span class='ocrx_word' id='word_1_535' title='bbox 529 4122 637 4206; x_wconf 74' lang='lat' dir='ltr'><strong>clnstat</strong></span> <span class='ocrx_word' id='word_1_536' title='bbox 652 4154 719 4206; x_wconf 87' lang='lat' dir='ltr'><strong>suci.</strong></span> <span class='ocrx_word' id='word_1_537' title='bbox 757 4153 872 4221; x_wconf 80' lang='lat' dir='ltr'><strong>Stygem</strong></span> <span class='ocrx_word' id='word_1_538' title='bbox 886 4151 1034 4220; x_wconf 91' lang='lat' dir='ltr'><strong>appellant</strong></span> <span class='ocrx_word' id='word_1_539' title='bbox 1042 4151 1161 4221; x_wconf 75' lang='lat' dir='ltr'><strong>fantem</strong></span> <span class='ocrx_word' id='word_1_540' title='bbox 1174 4168 1276 4220; x_wconf 82' lang='lat' dir='ltr'><strong>exque</strong></span> <span class='ocrx_word' id='word_1_541' title='bbox 1313 4184 1315 4190; x_wconf 58' lang='lat'>&gt;</span> 
     </span>
     <span class='ocr_line' id='line_1_54' title="bbox 121 4221 1277 4305; baseline 0.003 -33"><span class='ocrx_word' id='word_1_542' title='bbox 121 4222 287 4289; x_wconf 77' lang='lat' dir='ltr'><strong>pestiferum</strong></span> <span class='ocrx_word' id='word_1_543' title='bbox 311 4239 395 4275; x_wconf 84' lang='lat' dir='ltr'><strong>uirus</strong></span> <span class='ocrx_word' id='word_1_544' title='bbox 411 4228 531 4276; x_wconf 90' lang='lat' dir='ltr'><strong>emanat</strong></span> <span class='ocrx_word' id='word_1_545' title='bbox 569 4224 633 4275; x_wconf 85' lang='lat' dir='ltr'><strong>Hoc</strong></span> <span class='ocrx_word' id='word_1_546' title='bbox 652 4226 708 4305; x_wconf 79' lang='lat' dir='ltr'><strong>per</strong></span> <span class='ocrx_word' id='word_1_547' title='bbox 726 4222 916 4276; x_wconf 77' lang='lat' dir='ltr'><strong>Cassandrum</strong></span> <span class='ocrx_word' id='word_1_548' title='bbox 935 4221 1064 4274; x_wconf 90' lang='lat' dir='ltr'><strong>adlatum</strong></span> <span class='ocrx_word' id='word_1_549' title='bbox 1083 4221 1277 4291; x_wconf 84' lang='lat' dir='ltr'><strong>traditumque</strong></span> 
     </span>
     <span class='ocr_line' id='line_1_55' title="bbox 116 4291 1276 4365; baseline 0.003 -22"><span class='ocrx_word' id='word_1_550' title='bbox 116 4291 215 4365; x_wconf 78' lang='lat' dir='ltr'><strong>fratri</strong></span> <span class='ocrx_word' id='word_1_551' title='bbox 230 4292 319 4345; x_wconf 87' lang='lat' dir='ltr'><strong>Iollae</strong></span> <span class='ocrx_word' id='word_1_552' title='bbox 336 4298 364 4345; x_wconf 93' lang='lat' dir='ltr'><strong>et</strong></span> <span class='ocrx_word' id='word_1_553' title='bbox 381 4293 415 4345; x_wconf 90' lang='lat' dir='ltr'><strong>ab</strong></span> <span class='ocrx_word' id='word_1_554' title='bbox 432 4310 462 4346; x_wconf 86' lang='lat' dir='ltr'><strong>eo</strong></span> <span class='ocrx_word' id='word_1_555' title='bbox 480 4297 626 4362; x_wconf 76' lang='lat' dir='ltr'><strong>supremae</strong></span> <span class='ocrx_word' id='word_1_556' title='bbox 644 4294 718 4363; x_wconf 79' lang='lat' dir='ltr'><strong>regis</strong></span> <span class='ocrx_word' id='word_1_557' title='bbox 731 4294 846 4362; x_wconf 75' lang='lat' dir='ltr'><strong>patruni</strong></span> <span class='ocrx_word' id='word_1_558' title='bbox 862 4293 994 4346; x_wconf 84' lang='lat' dir='ltr'><strong>inditum.</strong></span> <span class='ocrx_word' id='word_1_559' title='bbox 1049 4294 1219 4357; x_wconf 81' lang='lat' dir='ltr'><strong>cornigero</strong></span> <span class='ocrx_word' id='word_1_560' title='bbox 1237 4297 1276 4347; x_wconf 86' lang='lat' dir='ltr'><strong>de</strong></span> 
     </span>
     <span class='ocr_line' id='line_1_56' title="bbox 125 4352 1274 4433; baseline 0.003 -19"><span class='ocrx_word' id='word_1_561' title='bbox 125 4352 208 4415; x_wconf 86' lang='lat' dir='ltr'><strong>Ioue</strong></span> <span class='ocrx_word' id='word_1_562' title='bbox 219 4368 314 4416; x_wconf 83' lang='lat' dir='ltr'><strong>natus</strong></span> <span class='ocrx_word' id='word_1_563' title='bbox 336 4364 433 4417; x_wconf 89' lang='lat' dir='ltr'><strong>lustin.</strong></span> <span class='ocrx_word' id='word_1_564' title='bbox 455 4363 490 4416; x_wconf 92' lang='lat' dir='ltr'><strong>xi.</strong></span> <span class='ocrx_word' id='word_1_565' title='bbox 513 4379 540 4416; x_wconf 91' lang='lat'><strong>11</strong></span> <span class='ocrx_word' id='word_1_566' title='bbox 564 4364 618 4416; x_wconf 86' lang='lat' dir='ltr'><strong>Ad</strong></span> <span class='ocrx_word' id='word_1_567' title='bbox 633 4364 729 4416; x_wconf 80' lang='lat' dir='ltr'><strong>Iouem</strong></span> <span class='ocrx_word' id='word_1_568' title='bbox 748 4364 847 4416; x_wconf 87' lang='lat' dir='ltr'><strong>deinde</strong></span> <span class='ocrx_word' id='word_1_569' title='bbox 863 4364 1030 4417; x_wconf 84' lang='lat' dir='ltr'><strong>Ammonem</strong></span> <span class='ocrx_word' id='word_1_570' title='bbox 1048 4365 1148 4433; x_wconf 86' lang='lat' dir='ltr'><strong>pergit</strong></span> <span class='ocrx_word' id='word_1_571' title='bbox 1167 4365 1274 4418; x_wconf 85' lang='lat' dir='ltr'><strong>causul-</strong></span> 
     </span>
     <span class='ocr_line' id='line_1_57' title="bbox 124 4434 1274 4505; baseline 0.002 -20"><span class='ocrx_word' id='word_1_572' title='bbox 124 4437 209 4485; x_wconf 88' lang='lat' dir='ltr'><strong>turus</strong></span> <span class='ocrx_word' id='word_1_573' title='bbox 224 4439 251 4486; x_wconf 87' lang='lat' dir='ltr'><strong>et</strong></span> <span class='ocrx_word' id='word_1_574' title='bbox 266 4434 300 4487; x_wconf 89' lang='lat' dir='ltr'><strong>de</strong></span> <span class='ocrx_word' id='word_1_575' title='bbox 313 4440 415 4486; x_wconf 91' lang='lat' dir='ltr'><strong>euentu</strong></span> <span class='ocrx_word' id='word_1_576' title='bbox 424 4434 598 4503; x_wconf 87' lang='lat' dir='ltr'><strong>futurorum</strong></span> <span class='ocrx_word' id='word_1_577' title='bbox 610 4439 638 4486; x_wconf 93' lang='lat' dir='ltr'><strong>et</strong></span> <span class='ocrx_word' id='word_1_578' title='bbox 648 4435 681 4487; x_wconf 91' lang='lat' dir='ltr'><strong>de</strong></span> <span class='ocrx_word' id='word_1_579' title='bbox 697 4435 807 4505; x_wconf 75' lang='lat' dir='ltr'><strong>urt‘gt&#39;tm</strong></span> <span class='ocrx_word' id='word_1_580' title='bbox 818 4452 877 4488; x_wconf 88' lang='lat' dir='ltr'><strong>sua.</strong></span> <span class='ocrx_word' id='word_1_581' title='bbox 915 4434 1122 4503; x_wconf 73' lang='lat' dir='ltr'><strong>Ingredientem</strong></span> <span class='ocrx_word' id='word_1_582' title='bbox 1138 4435 1274 4504; x_wconf 88' lang='lat' dir='ltr'><strong>templum</strong></span> 
     </span>
     <span class='ocr_line' id='line_1_58' title="bbox 125 4505 1276 4576; baseline 0.004 -22"><span class='ocrx_word' id='word_1_583' title='bbox 125 4505 222 4556; x_wconf 87' lang='lat' dir='ltr'><strong>statim</strong></span> <span class='ocrx_word' id='word_1_584' title='bbox 239 4506 380 4558; x_wconf 72' lang='lat' dir='ltr'><strong>antistites</strong></span> <span class='ocrx_word' id='word_1_585' title='bbox 396 4510 429 4557; x_wconf 94' lang='lat' dir='ltr'><strong>ut</strong></span> <span class='ocrx_word' id='word_1_586' title='bbox 439 4505 591 4558; x_wconf 84' lang='lat' dir='ltr'><strong>Ammonis</strong></span> <span class='ocrx_word' id='word_1_587' title='bbox 599 4506 700 4572; x_wconf 80' lang='lat' dir='ltr'><strong>filium</strong></span> <span class='ocrx_word' id='word_1_588' title='bbox 717 4507 851 4559; x_wconf 88' lang='lat' dir='ltr'><strong>salutant.</strong></span> <span class='ocrx_word' id='word_1_589' title='bbox 888 4505 942 4559; x_wconf 90' lang='lat' dir='ltr'><strong>Ille</strong></span> <span class='ocrx_word' id='word_1_590' title='bbox 959 4505 1051 4559; x_wconf 87' lang='lat' dir='ltr'><strong>laetus</strong></span> <span class='ocrx_word' id='word_1_591' title='bbox 1065 4505 1113 4559; x_wconf 90' lang='lat' dir='ltr'><strong>dei</strong></span> <span class='ocrx_word' id='word_1_592' title='bbox 1127 4506 1276 4576; x_wconf 78' lang='lat' dir='ltr'><strong>adeptione</strong></span> 
     </span>
    </p>
   </div>
   <div class='ocr_carea' id='block_1_5' title="bbox 0 0 1530 4988">
    <p class='ocr_par' dir='ltr' id='par_1_6' title="bbox 0 0 1530 4988">
     <span class='ocr_line' id='line_1_59' title="bbox 0 0 1530 4988; baseline 0 0"><span class='ocrx_word' id='word_1_593' title='bbox 0 0 1530 4988; x_wconf 95' lang='lat' dir='ltr'><strong> </strong></span> 
     </span>
    </p>
   </div>
  </div>
 </body>
</html>
