3082 4980
576 359 824 422 PRAEFATIO.
1009 336 1010 340 '
1254 364 1291 424 vn

138 538 213 596 quae
228 538 264 579 ex
279 521 380 580 codice
395 520 523 579 miscello
536 519 729 579 bibliothecae
743 519 959 581 Vallicellianae
978 523 1058 599 apud
1078 522 1108 583 S.
1122 521 1291 600 Philippum

139 614 262 687 Rornae,
284 633 375 673 manu
399 615 516 692 propria
538 614 659 673 Achillis
681 614 763 673 Statii
787 615 940 691 exscripta,
961 617 1093 694 Angelus
1115 615 1218 690 Maius,
1241 619 1291 696 qui

137 710 271 785 repperit,
293 709 382 769 edidit
403 727 483 768 anno
508 712 603 784 18²3}
632 727 702 767 mox
725 728 752 768 a.
770 713 846 768 1826
868 710 980 787 repetiit
1000 710 1162 779 Fridericus
1184 711 1289 773 Osann

138 803 241 862 additis
255 803 373 880 Apuleii
387 803 517 863 Minoris
532 805 563 862 de
577 803 655 864 Note
669 802 865 879 Aspirationis
880 811 906 862 et
920 805 952 862 de
964 806 1143 884 diphthongis
1156 807 1231 865 libri
1241 805 1290 865 II.

138 895 385 974 Orthographiam
415 899 500 957 istam
531 917 556 955 a.
587 901 664 973 1829
693 898 802 973 primus
831 898 999 976 Maduigius
1027 897 1138 976 Opusc.
1166 901 1184 959 i.
1213 917 1290 976 1·²9

137 992 296 1068 perspicuis
311 992 419 1051 fraudis
433 993 509 1051 notis
523 993 648 1050 inustam
669 1009 732 1051 esse
754 993 856 1051 euicit:
881 1011 969 1070 quern
991 1004 1108 1054 secutus
1129 993 1290 1053 Merkelius

137 1089 247 1149 Prolus.
263 1092 302 1151 ad
316 1091 381 1150 Ibin
396 1109 445 1167 pp.
460 1093 594 1166 383-388
610 1108 627 1148 a
642 1089 796 1150 Ludouico
817 1088 917 1150 Caelio
937 1090 1109 1169 Rhodigino
1131 1093 1289 1152 confictam

136 1194 205 1260 post
225 1203 334 1244 annum
359 1188 437 1260 1508
458 1202 495 1244 ex
517 1183 681 1243 Constantii
702 1183 844 1244 Fanensis
859 1184 1022 1261 Hecatostye
1035 1197 1064 1247 et
1079 1185 1292 1246 Sorritionibus

137 1279 335 1337 demonstrare
351 1289 473 1338 conatus
487 1287 538 1337 est.
590 1278 659 1351 Qua
674 1278 710 1337 de
726 1297 765 1351 re,
781 1296 962 1356 quamquam
978 1278 1133 1357 Maduigio
1148 1280 1292 1339 assentior

137 1374 241 1432 ficticia
255 1392 290 1432 ea
305 1373 468 1450 fragmenta
488 1372 588 1442 uideri,
611 1373 765 1449 praecipue
787 1384 906 1449 propter
926 1375 1100 1451 scriptorum
1122 1376 1290 1451 ignotorum

136 1466 348 1535 multitudinem
372 1468 422 1543 qui
446 1466 532 1524 iniis
557 1466 718 1537 laudantur,
742 1466 835 1544 (quod
858 1466 966 1526 fraudis
987 1467 1126 1526 indicium
1147 1469 1235 1544 etiam
1260 1467 1290 1525 in

137 1560 253 1620 scholiis
267 1558 446 1637 notabimus)
460 1558 594 1619 nondum
609 1570 708 1619 tamen
722 1560 793 1618 mihi
808 1562 950 1637 persuasit
964 1560 1123 1621 Merkelius
1145 1562 1233 1621 ducta
1254 1579 1290 1620 ea

136 1653 224 1714 fuisse
238 1674 275 1715 ex
291 1653 472 1714 Constantio.
515 1653 591 1712 Illud
606 1654 744 1730 suspicor,
760 1653 828 1713 ficta
846 1654 934 1713 fuisse
952 1667 1012 1731 quo
1032 1664 1165 1731 tempore
1183 1654 1243 1714 Ibis
1258 1655 1289 1712 in

136 1749 271 1808 manibus
292 1748 388 1808 adhuc
410 1757 486 1808 esset
507 1748 693 1819 eruditorum,
709 1748 761 1807 sed
782 1758 939 1825 postquam
957 1732 1062 1807 Graeci
1083 1758 1189 1824 poetae
1211 1759 1240 1807 et
1259 1750 1288 1806 in

136 1861 189 1902 eos
202 1853 334 1903 ueterum
348 1843 458 1902 scholia
472 1843 666 1901 innotuissent
680 1860 714 1901 ac
729 1841 931 1902 lectitarentur.
976 1841 1061 1914 Quae
1083 1844 1107 1901 si
1129 1844 1188 1902 iam
1210 1861 1290 1902 anno

141 1950 216 2012 1507
239 1955 399 2014 paucorum
423 1936 558 1995 manibus
583 1937 634 1994 teri
659 1946 765 2012 coepta
786 1946 839 2008 est,
860 1937 902 1995 uti
924 1937 1078 1995 confirmat
1099 1937 1292 1996 Constantius

137 2031 241 2092 Hecat.
256 2032 292 2103 iv,
307 2031 470 2108 fragmenta
483 2033 539 2089 ista
553 2039 621 2088 ante
636 2030 724 2088 linem
746 2048 822 2090 saec.
837 2050 874 2088 xv
889 2030 1017 2089 conflata
1037 2030 1218 2090 crediderim.
1261 2031 1290 2089 A

136 2143 325 2203 quocumque
353 2135 416 2185 orta
444 2134 519 2197 sunt,
545 2125 685 2183 lectorem
710 2124 838 2202 produnt
860 2125 960 2184 ibidis.
1003 2125 1082 2185 Nam
1107 2143 1169 2184 non
1193 2125 1290 2184 solum

136 2222 220 2281 huius
239 2232 297 2281 tres
314 2221 371 2281 loci
388 2221 578 2298 explicantur,
594 2219 609 2295 ξ
624 2239 641 2292 4
657 2219 694 2279 de
713 2219 790 2279 Delo
807 2237 895 2297 quam
910 2219 1057 2296 Apollinea
1074 2219 1157 2278 humo
1169 2219 1291 2296 intelligi

136 2327 215 2377 ratus
239 2327 336 2375 estu.
361 2334 431 2392 330,
455 2314 470 2390 ξ
491 2317 526 2373 16
550 2315 586 2374 de
610 2313 710 2391 Pyrrhi
733 2313 873 2390 Epirotae
898 2316 1006 2390 sparsis
1029 2314 1144 2373 ossibus
1166 2331 1195 2372 ιι.
1220 2332 1289 2389 304,

136 2410 151 2486 ὁ
166 2430 203 2483 44
224 2410 261 2470 de
276 2409 360 2469 Chao
377 2410 428 2469 ubi
446 2426 475 2467 u.
492 2413 530 2481 84
546 2409 622 2480 citat,
637 2404 689 2467 sed
708 2407 746 2466 ad
766 2408 832 2466 Ibin
853 2408 1011 2468 manifesto
1030 2407 1234 2483 reuocenturt
1251 2427 1285 2466 21

136 2505 174 2565 de
194 2504 311 2564 Antaeo
331 2502 416 2562 fratre
437 2502 578 2562 Busiridis
599 2522 626 2562 u.
645 2515 713 2578 395,
735 2502 803 2578 §39
819 2502 856 2562 de
873 2501 1039 2562 Laodamia
1057 2501 1116 2561 filia
1136 2501 1238 2580 Pyrrhi
1258 2502 1290 2559 in

136 2600 246 2676 templo
270 2597 423 2657 crudeliter
444 2596 586 2657 trucidata
608 2598 646 2655 ab
663 2596 792 2674 Epirotis
807 2615 835 2655 ιι.
853 2610 921 2671 3ο5,
940 2595 1063 2656 fortasse
1082 2597 1171 2655 etiam
1186 2596 1201 2672 p
1219 2616 1234 2655 2
1252 2596 1290 2656 de

136 2692 277 2763 Busiride,
292 2691 336 2767 §3
353 2692 389 2751 de
403 2691 513 2751 Clotho
528 2690 653 2750 Lachesi
668 2691 793 2768 Atropo,
808 2691 823 2766 §
836 2693 853 2748 6
869 2690 906 2750 de
920 2690 1005 2763 Allia,
1021 2691 1035 2766 ξ
1051 2709 1084 2749 11
1098 2689 1288 2762 Eumenides,

137 2787 205 2864 §43
229 2788 266 2847 de
291 2786 377 2846 Batto
400 2796 489 2864 poeta
512 2786 562 2862 qui
587 2787 618 2844 in
643 2785 733 2844 Ibidis
758 2784 875 2845 scholiis
901 2802 1113 2861 saepenumero
1138 2794 1289 2862 tamquam

135 2900 274 2941 uersuum
297 2881 419 2957 scriptor
443 2880 576 2940 laudatus
601 2890 662 2939 est:
694 2879 730 2939 cl.
756 2879 799 2938 lb.
829 2898 897 2955 399,
925 2898 993 2953 243,
1021 2897 1088 2953 219,
1116 2893 1183 2953 225.
1227 2879 1288 2939 Sed

137 2976 294 3036 dicendum
311 2986 355 3034 est
371 2975 496 3052 breuiter
513 2975 549 3034 de
570 2974 662 3033 tribus
682 2974 737 3033 illis
754 2973 826 3032 locis
841 2973 891 3050 qui
905 2991 923 3032 a
942 2971 1071 3032 Caecilio
1087 2973 1144 3032 isto
1160 2973 1288 3050 Apuleio

137 3070 271 3147 explicati
299 3079 374 3129 sunt.
415 3069 430 3144 §
453 3087 470 3140 4
493 3066 589 3127 Rhoeo
612 3069 724 3144 aspiret
747 3085 795 3138 .r.‚
816 3068 887 3144 filie
912 3065 1046 3143 Staphyli
1066 3073 1093 3125 et
1118 3067 1289 3143 Chryseida,

135 3164 278 3222 sororibus
297 3161 447 3240 Molpadea
470 3164 568 3241 mator,
589 3162 749 3221 Parthenia
770 3163 861 3220 minor
868 3182 884 3230 ,·
911 3179 981 3237 quae
1001 3160 1038 3218 ab
1062 3158 1193 3236 Apolline
1218 3181 1288 3221 com-

132 3269 230 3334 pressu
238 3258 506 3335 granellaquefactu
519 3277 538 3315 a
548 3264 630 3334 patre
644 3258 674 3315 in
688 3276 756 3315 arca
771 3257 882 3314 inclusa
896 3262 942 3326 est,
957 3261 984 3312 et
995 3257 1025 3312 in
1040 3274 1118 3313 mere
1132 3256 1241 3327 der'ecta,
1257 3258 1288 3315 in

135 3353 239 3411 Delum
259 3353 373 3429 appulit,
388 3352 538 3428 filiumque
554 3354 655 3427 genuit
674 3352 781 3410 nomim
802 3349 919 3422 Anium,
943 3350 995 3425 qui
1015 3351 1087 3409 clem
1109 3349 1145 3408 ab
1160 3349 1291 3427 Apolline

135 3447 221 3505 alz'tus
238 3453 264 3504 et
278 3447 425 3504 diurnitate
441 3446 557 3504 donatus
573 3453 620 3518 est,
634 3445 791 3522 Polycarpi
803 3442 914 3502 Alcimi
929 3441 1115 3518 Maximique
1130 3445 1288 3504 testimonio.

137 3542 171 3602 C.
186 3541 329 3600 Proculus
341 3542 371 3598 in
385 3559 438 3598 sua
452 3538 530 3615 Lyde
543 3548 569 3599 et
582 3539 688 3600 Sextus
706 3539 853 3599 Gracchus
867 3540 897 3597 in
915 3539 987 3597 libro
1000 3557 1126 3597 amorum
1139 3539 1288 3598 hostorium

134 3637 332 3713 elegantissime
349 3642 529 3693 exornarunt
546 3678 552 3694 .
569 3679 575 3694 .
590 3679 597 3692 .
617 3633 738 3692 Ouidius
754 3640 810 3692 aut.
825 3652 853 3691 u.
868 3653 895 3693 e.
909 3653 935 3708 q.
950 3634 969 3691 l.
984 3653 1009 3691 a.
1025 3652 1047 3691 o.
1063 3652 1091 3691 n.
1106 3653 1133 3692 a.
1147 3632 1174 3693 el.
1188 3634 1217 3692 lt.
1233 3678 1241 3692 .
1256 3675 1263 3692 .
1278 3679 1286 3693 .

134 3731 239 3789 Delum
260 3730 332 3787 enim
357 3770 367 3788 .
391 3771 399 3789 .
423 3770 430 3786 .
453 3727 512 3786 Sed
532 3735 558 3786 et
578 3726 627 3787 M.
649 3728 796 3787 Fontanus
818 3728 850 3786 in
872 3727 1056 3804 rumphaeam
1079 3734 1107 3785 et
1127 3735 1288 3803 satyrorum

134 3820 283 3891 amoribus,
298 3826 325 3877 et
339 3817 372 3879 C.
387 3817 525 3877 Melissus
540 3820 571 3876 in
586 3862 593 3878 .
610 3864 616 3878 .
631 3864 638 3879 .

176 3913 263 3990 Legit
282 3913 368 3990 igitur
387 3912 508 3971 Nudus
525 3913 710 3990 Apollinea
732 3911 932 3972 destituaris
952 3911 1067 3984 humo,
1088 3911 1124 3970 de
1144 3911 1221 3971 Delo
1241 3912 1286 3969 in·

134 4018 304 4085 terpretans,
315 4007 365 4066 ubi
378 4007 497 4080 Anium,
513 4026 602 4084 quem
615 4008 662 4067 hic
677 4007 817 4066 Lenaeum
832 4007 907 4073 lacit,
924 4005 1031 4066 Rhoeo
1046 4005 1166 4065 sustulit.
1209 4005 1289 4064 Ean·

135 4103 203 4162 dem
230 4103 495 4178 interpretationem
523 4102 624 4162 Const.
652 4102 794 4162 Fanensis
821 4110 973 4178 tamquam
1001 4119 1037 4159 ex
1066 4098 1166 4159 Codro
1187 4098 1286 4159 Vrceo

134 4196 323 4256 Herberiensi
347 4197 464 4273 protulit
488 4196 640 4256 Hecatost.
662 4197 698 4255 vi.
749 4196 854 4272 Neque
876 4212 912 4253 ea
934 4204 1034 4253 tamen
1054 4211 1124 4251 uera
1145 4202 1196 4265 est,
1219 4211 1288 4252 cum

134 4289 282 4367 Apollinea
299 4292 329 4349 in
344 4289 460 4349 codices
475 4308 536 4349 non
550 4301 618 4350 ante
633 4291 822 4349 exienssaec.
839 4308 876 4346 xv
889 4287 1051 4365 peruenerit
1068 4288 1137 4364 (ego
1153 4286 1183 4345 in
1198 4286 1287 4346 Muti„

135 4387 233 4445 nensis
246 4384 378 4461 margine
393 4383 559 4461 Appollrnea
577 4385 718 4461 scriptum
732 4403 767 4443 ea
782 4384 841 4443 sere
858 4392 952 4443 aetate
966 4381 1087 4460 inueni),
1099 4382 1290 4442 Amastriacis
