3082 4980
225 376 304 436 xxxii
643 374 970 438 PROLEGOMENA.

314 595 316 600 ¹
388 537 439 590 Τὸν
459 533 556 589 Φθάνον
577 534 704 589 ὦπάλλων
724 532 787 591 ποδί
804 533 827 590 τ’
848 538 948 606 ἤλασεν
968 536 1020 616 ὦδεΙ
1038 534 1061 590 τ’
1081 537 1177 592 ἔειπεν·

387 614 531 689 Ἀσσυρίου
550 618 675 686 ποταμοῖο
695 615 775 689 μέγας
793 616 863 688 ῥόος,
884 618 954 672 ἀλλὰ
974 618 1115 695 τὰπολλὰ

389 696 493 768 hripum
512 700 559 770 γῆν
580 697 621 751 καὶ
640 699 741 753 πολλὸν
761 697 804 771 ἐφ’
825 696 898 753 ὕδατι
920 701 1051 771 συρφετὸν
1072 698 1151 754 ἕλκει.

389 782 453 848 Δηοῖ
472 778 494 833 δ’
515 779 560 833 οὐκ
581 777 632 834 άπὸ
651 779 746 836 πάντας
764 777 834 851 ὕδωρ
855 777 982 852 φορέουσι
1001 779 1137 849 μελισσαι,

387 859 463 914 Ἀλλ’
484 859 539 929 ἥτις
559 857 653 929 καθαρὴ
673 882 702 914 τε
723 863 764 915 καί
783 860 927 933 άχράαντος
946 861 1050 934 ἅνέρπει

389 942 501 998 Hiberos
520 941 550 1011 ίξ
570 943 637 1012 ἱερῆς
657 941 733 1014 ὀλίγη
754 943 840 1010 λίβος,
860 941 938 1014 άκρον
957 942 1046 998 ἄωτον.

390 1025 477 1095 Χαῖρε,
498 1021 570 1093 άναξ·
599 1025 614 1076 6
635 1021 663 1075 δὲ
684 1027 787 1093 Μῶμον,
807 1020 841 1078 ἵν’
863 1025 878 1077 6
899 1023 1008 1096 φθόρος,
1029 1025 1089 1080 ἔνθα
1110 1025 1201 1083 νέοιτο.

227 1102 342 1176 Quibus
356 1100 547 1179 Apollonium
561 1100 716 1161 manifesta
729 1102 851 1178 parodia
864 1103 1051 1179 respondisse
1065 1103 1136 1180 Arg.
1151 1105 1190 1164 iii.
1206 1123 1223 1180 9
1227 1121 1265 1180 3²

388 1185 505 1255 Ἀκλειὴς
525 1184 569 1239 ὅδε
588 1185 684 1255 μάντις,
706 1184 734 1242 ὃς
755 1185 808 1240 οὐδ’
830 1185 881 1240 ὅσα
901 1188 990 1243 παῖδες
1008 1185 1100 1243 ἴσασιν

390 1262 450 1322 Οἶδα
469 1270 518 1341 νόῳ
539 1267 722 1339 φράσσασθαι,

227 1346 386 1407 Merkelius
398 1355 497 1404 censet
509 1343 634 1424 (Proleg.
644 1344 793 1423 Apollonii
803 1367 832 1425 p.
842 1345 933 1425 xviii):
949 1347 1020 1407 illud
1034 1356 1111 1408 certe
1122 1356 1219 1425 potest
1229 1365 1266 1405 ex
1280 1346 1386 1408 Schol.

227 1432 280 1486 Οὔκ
297 1425 405 1508 άγαμαι]
418 1426 539 1501 Ἐγκολεῖ
552 1430 593 1483 διὰ
609 1429 706 1485 τούτων
724 1431 784 1488 τοὺς
801 1435 967 1488 σκάπτοντας
983 1433 1059 1487 αὐτὸν
1071 1431 1106 1502 μη
1127 1430 1252 1486 δύνασθαι
1272 1433 1386 1500 ποιῆσαι

225 1512 292 1585 μέγα
304 1513 408 1582 ποίημα,
424 1510 483 1566 ὅθεν
499 1509 647 1583 ἠναγκάσθη
665 1513 771 1580 ποιῆσαι
791 1512 837 1582 τὴν
854 1512 964 1582 Ἑκάλην
982 1511 1087 1582 conici,
1108 1528 1169 1587 quo
1190 1519 1325 1585 tempore
1344 1529 1384 1582 ea

226 1592 418 1651 scriberentur
439 1609 457 1649 a
477 1589 668 1662 Callimacho,
690 1590 881 1667 Apollonium
902 1591 980 1650 sama
1000 1592 1075 1668 epici
1101 1591 1240 1661 carminis
1265 1599 1384 1659 tantum

225 1673 395 1744 innotuisse,
410 1682 441 1730 ut
459 1689 513 1749 pro
532 1672 614 1730 riuali
633 1671 794 1745 haberetur,
809 1692 905 1753 neque
927 1691 959 1732 se
980 1673 1134 1750 indignum
1154 1681 1270 1749 putaret
1289 1670 1383 1730 Calli-

225 1755 347 1814 machus
362 1754 399 1813 ad
413 1753 571 1829 prolixiora
584 1754 705 1830 accingi.
1095 1821 1097 1823 ,

266 1835 355 1894 Aliud
376 1844 508 1911 superest
528 1834 607 1893 rixae
627 1845 862 1907 monumentum,
877 1836 901 1894 si
923 1835 1015 1895 modo
1036 1835 1098 1907 fuit,
1115 1835 1297 1912 epigramma
1316 1831 1382 1892 An-

224 1917 372 1993 thologiae
394 1916 541 1976 Palatinae
561 1917 600 1976 xi.
624 1930 681 1991 275
707 1916 788 1995 quod
806 1918 985 1974 Ἀπολλωνίου
1007 1923 1182 1993 γραμματικοῦ
1206 1916 1381 1994 inscriptum

225 2007 277 2058 est.

347 2081 516 2152 Καλλίμαχοι·
535 2081 565 2134 τὸ
585 2080 709 2153 κάθαρμα,
729 2084 760 2137 τὸ
779 2081 904 2155 παίγνιον,
925 2084 940 2136 6
960 2081 1064 2151 ξύλινος
1084 2085 1150 2153 νοῦς,
1190 2132 1198 2135 .

389 2161 476 2219 Αἴτιον
495 2165 510 2216 6
529 2163 636 2234 γράψας
656 2161 729 2218 Αἴτιο
749 2165 925 2234 Καλλιμάχου.

268 2241 316 2300 Sic
337 2240 417 2300 enim
438 2240 596 2316 legendum
616 2241 730 2301 uidetur
750 2261 787 2302 ex
810 2242 913 2302 codice
935 2241 1189 2319 Heidelbergensi,
1211 2258 1273 2299 non
1296 2240 1380 2316 quod

225 2323 344 2382 uolebat
353 2322 501 2382 Bentleius
515 2324 691 2396 Καλλίμαχος,
701 2342 769 2382 cum
779 2326 948 2398 Καλλιμάχου
958 2327 1046 2383 etiam
1056 2320 1226 2384 Eustathius
1240 2322 1379 2381 exhibeat

226 2404 265 2463 ad
284 2405 375 2463 Hom.
396 2403 556 2475 Od.1422.
598 2402 696 2463 Verba
717 2406 759 2464 sic
780 2405 915 2464 uerterim
925 2411 984 2464 :—‘
994 2404 1198 2475 Callimachus,
1218 2402 1279 2462 that
1300 2402 1378 2480 heap

226 2485 260 2544 ol
271 2484 399 2556 rubbish,
411 2484 473 2543 that
487 2484 598 2556 fribble,
608 2484 670 2544 that
683 2486 767 2545 mind
780 2485 814 2545 oi
824 2486 919 2556 wood,
935 2487 960 2546 is
972 2496 1003 2546 to
1018 2485 1143 2558 blame,*
1158 2484 1206 2544 the
1220 2501 1301 2544 same
1316 2483 1379 2543 that

225 2576 314 2626 wrote
332 2566 381 2626 the
402 2567 474 2622 Αἴτιο
494 2566 529 2625 of
546 2566 770 2639 Callimachus3’
791 2567 854 2627 he.
872 2567 1068 2627 Callimachus
1090 2568 1140 2643 qui
1160 2566 1274 2642 scripsit
1293 2565 1379 2637 Αἵτιο,

226 2666 344 2706 carmen
359 2648 504 2707 decausis
523 2647 643 2707 deorum
663 2658 693 2706 et
713 2649 844 2720 heroum,
859 2649 979 2725 plenum
1000 2648 1161 2726 quisquiliis
1180 2665 1287 2716 rerum,
1302 2646 1379 2718 leue,

225 2729 332 2788 nullius
348 2729 467 2805 ingenii,
481 2729 544 2805 ipse
564 2747 684 2788 causam
705 2730 785 2789 dedit
805 2730 873 2788 huic
894 2730 931 2789 de
951 2749 984 2790 se
1005 2730 1130 2802 iudicio;
1153 2730 1195 2788 sic
1216 2728 1295 2787 enim
1316 2726 1380 2788 fere

226 2809 341 2886 singula
354 2812 559 2887 interpretatus
573 2819 617 2868 est
632 2810 791 2870 Merkelius
806 2811 915 2871 Prolus
931 2811 970 2870 ad
983 2811 1028 2871 Ib.
1043 2830 1072 2888 p.
1086 2815 1172 2886 342.†

265 2891 455 2968 Epigramma
473 2891 664 2968 Apollonium
681 2892 780 2951 Rhodi
800 2892 860 2951 iam
880 2892 1047 2951 exulantem
1068 2892 1225 2969 scripsisse,
1240 2888 1393 2948 Callimar

225 2972 315 3033 chum
330 2992 366 3032 eo
380 2973 545 3033 lacessitum
554 2972 622 3032 Ibin
636 2974 761 3033 edidisse
775 2972 934 3033 Merkelius
949 2983 977 3032 et
992 2972 1029 3034 O.
1042 2972 1237 3033 Schneiderus
1248 2970 1379 3051 (Callim.

225 3056 252 3113 ii.
275 3074 303 3132 p.
320 3054 391 3134 ²7⁶)
416 3055 604 3114 crediderunt.
648 3055 740 3128 Quod
765 3056 819 3115 etsi
841 3055 928 3114 ualde
949 3055 1092 3114 incertum
1113 3063 1165 3124 est,
1187 3063 1286 3112 tamen
1308 3069 1379 3111 curn

225 3137 396 3197 adulescens
431 3137 527 3196 adhuc
561 3134 738 3214 Apollonius
776 3137 807 3194 in
843 3136 983 3196 Rhodum
1019 3136 1178 3204 secesserit,
1213 3134 1244 3193 id
1278 3142 1379 3192 autem

225 3218 400 3278 Ritschelius
418 3237 455 3277 ex
476 3218 695 3295 comparatione
715 3227 883 3294 temporum
904 3219 982 3277 circa
999 3217 1047 3278 Ol.
1066 3236 1120 3293 131
1138 3216 1203 3296 (nc.
1220 3211 1378 3292 256-253)

225 3300 330 3360 cadere
350 3300 468 3360 euicerit
490 3298 614 3380 (Opusc.
630 3301 647 3358 i.
673 3318 722 3376 pp.
739 3302 777 3375 69
799 3308 828 3358 et
851 3297 911 3378 73),
938 3299 999 3358 Ibis
1023 3308 1091 3358 ante
1119 3299 1151 3358 id
1179 3307 1295 3374 tempus
1325 3296 1379 3354 uix

146 3401 149 3405 ’
224 3382 318 3458 potuit
328 3382 421 3441 scribi.
453 3381 557 3458 Neque
571 3398 642 3440 uero
654 3380 704 3439 diu
718 3391 785 3457 post
800 3399 851 3440 eos
862 3399 957 3440 annos
968 3381 1104 3456 scriptam
1114 3378 1295 3447 crediderim,
1307 3394 1378 3435 cum

225 3480 317 3522 senex
336 3464 395 3521 iarn
415 3462 610 3522 Callimachus
631 3461 837 3521 deuotionibus
859 3462 979 3521 riualem
999 3462 1050 3520 uix
1068 3459 1263 3520 insectatums
1282 3457 1378 3517 luerit.

225 3543 306 3602 Nam
323 3545 347 3602 si
365 3543 556 3602 Ritschelium
577 3543 668 3602 secuti
682 3541 853 3602 Callimachi
872 3543 983 3603 natales
998 3543 1075 3603 circa
1089 3541 1136 3602 Ol.
1152 3542 1213 3619 ff}
1228 3558 1280 3600 nc.
1296 3557 1380 3613 324-

226 3638 295 3700 317,
309 3624 458 3700 Apollonii
479 3623 526 3684 Ol.
540 3626 602 3702 ff}
622 3643 675 3684 ac.
692 3626 831 3701 276-269
853 3625 1000 3700 ponimus,
1021 3625 1069 3683 hic
1090 3623 1121 3681 in
1143 3622 1379 3697 Ol.131ann0s

224 3706 327 3782 uiginti
341 3706 407 3781 plus
421 3707 564 3776 minusue,
579 3705 774 3780 Callimachus
788 3707 939 3783 sexaginta
952 3706 1107 3764 minimum
1120 3702 1229 3762 habuit.

266 3787 312 3846 Ex
334 3786 417 3846 Ibide
438 3786 634 3846 Callimachea
654 3806 723 3847 cum
743 3806 781 3846 ne
802 3805 894 3847 unum
915 3787 1034 3864 quidem
1055 3786 1252 3862 fragmentum
1269 3780 1378 3841 Graeci

224 3869 395 3929 tradiderint
414 3887 468 3928 nec
488 3869 543 3929 nisi
564 3887 601 3928 ex
616 3868 714 3928 Ouidii
728 3869 811 3928 Ibide
830 3878 859 3929 et
877 3870 939 3928 eius
954 3868 1072 3928 scholiis
1086 3868 1244 3944 quicquam
1258 3863 1378 3922 innotu-

232 4100 240 4106 ,
258 4051 273 4086 *
291 4051 383 4098 ‘Poena
395 4050 476 4114 dignus
487 4048 535 4097 est'
546 4050 616 4098 uertit
628 4050 759 4098 Gerhardus
770 4065 793 4111 p.
804 4062 826 4112 5.

257 4116 275 4173 †
291 4116 406 4179 Apollonii
415 4115 500 4163 Rhodii
508 4131 564 4164 num
573 4117 714 4181 epigramma
722 4117 757 4174 sit,
767 4117 863 4174 dubites,
874 4129 925 4162 cum
933 4113 1103 4177 γραμματικοῦ
1114 4113 1246 4174 inscriptum
1255 4111 1292 4166 sit,
1301 4122 1378 4170 neque

224 4182 359 4243 Apollonius
376 4183 436 4230 solus
453 4182 590 4244 inpatienter
609 4183 687 4229 tulerit
703 4181 840 4231 Callimachr
853 4195 942 4241 poesru,
961 4195 1023 4227 curus
1040 4195 1074 4227 rer
1091 4188 1155 4227 testis
1171 4188 1205 4226 ert
1222 4177 1302 4226 Suidas
1322 4188 1343 4223 s.
1353 4190 1378 4224 u.

224 4245 378 4309 Σεβηριανθς.
400 4245 435 4295 Τὰ
451 4247 496 4308 μὲν
507 4244 550 4294 οὖν
560 4245 610 4296 τῶν
623 4245 708 4294 άλλυν
723 4245 827 4307 ποιητῶν
841 4244 975 4306 ἀπεδέχετο
991 4243 1098 4307 μετρίως,
1112 4243 1157 4293 τὸν
1172 4241 1198 4290 δὲ
1210 4239 1379 4298 Καλλίμαχον

225 4313 257 4360 είς
273 4314 356 4376 χεῖρας
371 4311 457 4368 λαβὼν
468 4313 512 4361 οὐκ
527 4310 596 4362 ἔστιν
607 4310 650 4361 ὅτε
667 4311 695 4360 οὔ
711 4311 867 4360 κατέσκωπτε
883 4308 929 4359 τὸν
940 4308 1016 4365 Λίβυν
1027 4307 1134 4373 ποιητήν·
1151 4306 1279 4369 ἀνιώμενος
1296 4301 1321 4350 δὲ
1340 4299 1377 4352 ἔτι

224 4377 321 4438 μᾶλλον
338 4376 384 4440 ἤδη
400 4379 531 4441 πολλαχοῦ
548 4376 589 4426 καὶ
606 4379 642 4440 τῷ
658 4376 750 4440 βιβλίῳ
766 4377 911 4440 σροαίσσυι.
944 4376 1017 4427 nuth.
1029 4377 1056 4423 P.
1068 4377 1101 4426 xi.
1115 4376 1198 4439 347.8
1215 4366 1379 4436 rryvbrnotu‘

224 4441 271 4491 ὅσα
282 4441 371 4492 λευκὸν
381 4441 434 4505 ἔχει
446 4445 542 4506 στίχον,
553 4445 569 4506 ἡ
581 4441 607 4491 δὲ
618 4441 720 4503 μέλαινα
730 4440 833 4506 Ἰστορίη
844 4440 915 4504 aanor
926 4439 982 4490 τοὺς
993 4439 1228 4504 Περικαλλιμάχους.
1300 4448 1302 4450 ’
