3082 4980
257 405 298 465 lvl
668 399 996 462 PROLEGOMENA.

301 559 455 619 Postremo
470 557 747 618 commemorandae
763 569 829 617 sunt
842 558 1058 617 Dellorationes
1078 576 1154 636 quae
1170 559 1245 618 inter
1266 559 1355 619 flores
1376 579 1416 618 ex

260 642 354 718 poetis
369 640 481 699 Latinis
498 650 653 716 excerptos
672 639 771 699 Ouidii
792 641 879 699 etiam
902 639 1050 712 nonnulla,
1066 641 1097 698 in
1117 640 1163 700 his
1183 641 1273 700 Ibidis
1294 641 1415 712 habent,
1512 670 1515 677 ¹

260 723 424 782 Duacensis
439 725 508 796 690,
523 722 723 781 Atrebatensis
738 725 786 796 65,
802 721 931 781 Parisina
949 735 1046 797 17903
1066 740 1141 781 saec.
1157 723 1215 794 xiii,
1230 721 1298 782 Brit.
1314 723 1416 782 Musei

265 807 372 880 18459,
386 803 547 863 Bodleiana
562 802 675 862 Canon.
692 800 767 862 Patr.
782 802 845 862 Lat.
862 821 910 877 43,
926 803 1114 881 Phillippicae
1133 807 1219 880 1813,
1238 807 1324 879 1827.

797 1114 868 1188 IX.

668 1301 720 1365 De
738 1301 879 1366 Scloliis
895 1301 1010 1365 Ibidis.

304 1463 487 1525 Scholiorum
502 1463 594 1522 Ibidis
609 1463 645 1523 ad
665 1463 722 1523 hoc
739 1482 832 1540 usque
851 1474 967 1540 tempus
985 1464 1094 1521 incerta
1108 1471 1221 1521 tantum
1235 1463 1338 1521 notitia
1353 1461 1414 1522 suit.

261 1545 340 1606 Nam
354 1547 442 1605 editio
457 1546 586 1604 Parisina
601 1563 627 1603 a.
646 1559 732 1620 1573,
748 1547 779 1603 in
794 1563 852 1622 qua
866 1554 934 1622 post
949 1562 1066 1604 cannen
1080 1544 1153 1602 Pub.
1173 1543 1274 1602 Ouidii
1284 1543 1416 1604 Nasonis

261 1630 291 1687 in
311 1629 444 1704 quendam
465 1647 542 1702 quem
563 1634 644 1685 uocat
655 1626 723 1685 Ibin
745 1637 895 1703 postremo
916 1627 1116 1684 nunciandum
1137 1626 1258 1684 adiectus
1277 1632 1320 1684 est
1337 1633 1416 1685 uetus

261 1709 404 1786 Interpres
417 1728 558 1785 nunquam
573 1715 654 1767 antea
674 1711 705 1766 iu
724 1709 809 1766 lucem
828 1709 957 1779 missua*
972 1707 1092 1784 pusillus
1112 1708 1183 1765 liber
1198 1707 1303 1766 doctos
1323 1708 1414 1779 latuit,

261 1810 440 1868 quamquam
456 1792 513 1849 iam
528 1807 607 1849 anno
620 1793 697 1865 1564
707 1788 863 1848 Turnebus
873 1789 998 1848 Aduers.
1008 1789 1047 1847 ix.
1063 1802 1099 1862 25
1109 1789 1159 1847 ubi
1172 1788 1254 1847 locos
1268 1790 1415 1865 quosdam

261 1873 352 1932 Ibidis
373 1872 536 1949 explicauit,
551 1872 702 1930 Atarnites
722 1889 868 1947 reponens
888 1871 919 1928 in
940 1889 968 1929 u.
990 1889 1057 1945 319,
1072 1870 1145 1930 haec
1166 1866 1283 1940 addidit,
1298 1872 1374 1945 quod
1391 1876 1419 1928 et

261 1951 421 2014 annotatum
436 1974 455 2012 o
468 1959 554 2012 uetere
572 1954 717 2028 interprete
726 1954 839 2031 suerat,
855 1955 935 2010 eurus
952 1953 1060 2010 scrinia
1076 1953 1133 2010 alii
1142 1953 1298 2026 interpretes
1312 1954 1416 2027 compi·

262 2037 366 2106 larunt,
381 2041 409 2093 et
418 2038 523 2110 scripta
536 2036 590 2092 etsi
601 2037 734 2105 mendosa,
749 2036 820 2091 uude
833 2041 922 2092 tamen
940 2036 1027 2092 multa
1042 2035 1160 2091 odorari
1165 2040 1335 2108 poteramus,
1349 2044 1416 2109 sup·

257 2128 441 2194 presserunt,·
462 2116 598 2191 idemque
621 2116 658 2174 ad
679 2135 706 2175 u.
730 2130 784 2189 591
806 2114 934 2174 Comicus
952 2123 984 2173 ut
1003 2116 1118 2189 liquidis
1139 2115 1231 2172 ‘lune
1250 2133 1362 2172 uersuru
1384 2115 1417 2172 de

261 2197 422 2255 Menandro
434 2198 566 2273 intelligit
578 2205 655 2254 uetus
669 2200 810 2272 interpres,
823 2204 855 2254 nt
866 2197 986 2254 aliorum
1002 2198 1132 2254 relatione
1142 2196 1325 2272 cognoscimus
1336 2193 1417 2274 (uam

264 2280 342 2337 illum
365 2281 534 2354 interpretem
556 2277 770 2356 desideramus).'
814 2278 872 2349 Sed
897 2297 952 2337 nec
977 2278 1065 2337 altera
1090 2278 1178 2337 editio
1199 2295 1276 2354 quae
1296 2277 1417 2336 Parisiis

262 2360 370 2436 prodiit
390 2377 468 2417 anno
487 2361 574 2432 1581,
589 2368 662 2418 teste
686 2359 842 2437 Saluagnio
867 2360 904 2418 ad
924 2359 991 2418 Vct.
1007 2359 1127 2436 interpr.
1149 2363 1179 2436 pi
1201 2378 1212 2416 1
1234 2358 1418 2435 ‘fragmenta

262 2441 396 2501 lacera‘et
406 2441 561 2500 mendosa'
571 2441 725 2500 continens
735 2441 831 2499 multis
844 2441 959 2499 uidetur
970 2442 1088 2517 cognita
1099 2441 1195 2512 luisse,
1207 2440 1417 2516 languentibus

263 2524 294 2581 in
309 2521 418 2582 Ouidio
439 2521 617 2582 eruditorum
638 2522 739 2581 studiis
758 2531 787 2581 et
806 2522 843 2580 ad
865 2523 929 2593 alia,
947 2523 1103 2598 praecipue
1118 2521 1239 2592 Graeca,
1254 2523 1416 2581 conuersis.

263 2606 354 2664 Anno
381 2605 501 2664 demum
528 2605 603 2662 1661
630 2603 789 2681 Dionysius
818 2603 992 2679 Saluagnius
1017 2603 1155 2663 Boessius
1180 2603 1299 2662 editioni
1324 2603 1418 2663 Ibidis

263 2689 376 2763 quam†
388 2685 547 2745 secundam
562 2684 698 2761 Lugduni
713 2685 830 2762 protulit
845 2685 949 2744 adiecit
964 2694 1114 2762 tamquam
1126 2685 1187 2744 ‘diu
1203 2684 1416 2743 desideratum’

264 2775 392 2827 ueterem
413 2767 493 2824 illum
508 2768 709 2843 Interpretem,
730 2767 782 2825 sed
797 2767 1033 2844 ‘locupletiorem
1055 2777 1083 2825 et
1104 2766 1334 2826 emendatiorem
1355 2785 1417 2842 ope

264 2849 390 2907 duorum
411 2848 546 2907 codicum
562 2847 658 2906 MSS?
701 2847 788 2907 Hanc
810 2848 968 2906 editionem
984 2848 1167 2907 Scholiorum
1183 2850 1251 2908 citat
1266 2847 1418 2907 Bentleius

264 2929 346 2989 Phal.
362 2949 390 3006 p.
410 2929 467 3001 240
482 2929 527 2988 ed.
546 2928 637 3005 Dyce,
652 2940 681 2989 et
702 2930 732 2987 in
747 2928 917 2990 Callimachi
938 2930 1126 3007 fragmentis;
1152 2949 1247 3006 neque
1269 2930 1325 2989 alia
1340 2930 1418 2988 Bur·

264 3012 365 3070 manni
379 3021 431 3071 est.
475 3011 533 3071 Sed
549 3010 715 3080 Merkelius,
731 3029 798 3071 cum
816 3029 895 3070 anno
914 3016 989 3087 1837
1007 3011 1114 3071 Tristia
1128 3022 1157 3071 et
1172 3012 1238 3070 Ibin
1254 3011 1362 3082 ederet,
1377 3030 1418 3070 ex

219 3102 226 3109 “
264 3093 366 3168 codice
386 3093 555 3153 Askeuiauo
578 3092 679 3173 (MSS.
695 3092 776 3152 Diez.
797 3090 847 3171 21)
871 3092 988 3152 Scholia
1008 3111 1083 3170 quae
1104 3094 1134 3151 in
1155 3112 1191 3152 eo
1209 3111 1227 3151 a
1246 3110 1274 3151 u.
1298 3108 1356 3169 259
1378 3094 1418 3152 ad

264 3176 354 3235 finem
375 3174 510 3234 carminis
531 3185 639 3246 extant,
661 3175 838 3233 examussim
859 3174 1019 3251 descripsit,
1039 3176 1178 3251 appositis
1200 3193 1237 3233 ex
1256 3174 1419 3251 Saluagnio

264 3258 382 3316 nonnisi
398 3262 485 3334 ‘quae
499 3256 586 3333 paulo
600 3257 717 3315 maioris
732 3257 772 3314 rei
785 3256 843 3315 illic
858 3255 971 3315 diuersa
985 3257 1032 3315 uel
1047 3255 1223 3332 copiosiora'
1238 3256 1399 3315 inuenerat.

266 3340 271 3392 ζ
306 3337 363 3397 His
381 3356 418 3396 ex
439 3337 566 3396 sontibus
584 3337 679 3397 hausit
694 3336 873 3412 Ehualdus‡
888 3338 1021 3395 notitiam
1037 3336 1228 3408 Scholiorum,
1243 3355 1340 3414 neque
1361 3337 1419 3396 alia

264 3419 375 3478 uiderat
384 3419 439 3477 nisi
453 3418 552 3477 breuia
567 3419 713 3494 quaedam
727 3429 756 3477 et
770 3418 870 3478 mutila
884 3436 959 3494 quae
974 3421 1004 3478 in
1018 3420 1148 3495 margine
1160 3420 1224 3478 cod.
1236 3418 1321 3478 Paris
1336 3432 1418 3495 7994

265 3501 379 3576 scripsit
399 3517 513 3569 manus,
532 3510 564 3557 ut
585 3500 705 3570 uidetur,
728 3517 804 3559 saec.
826 3500 875 3558 xiii
896 3500 943 3558 uel
964 3501 1020 3559 xiv.
1063 3500 1110 3559 Ne
1131 3501 1274 3559 Parisinus
1296 3500 1420 3576 quidem

266 3581 409 3640 editiones
424 3581 561 3657 inspexit3
583 3598 763 3658 quamquam
777 3582 852 3639 inter
865 3581 992 3658 priorem
1007 3582 1084 3640 illam
1099 3600 1124 3640 a.
1140 3594 1217 3657 1573
1229 3591 1257 3640 et
1268 3581 1420 3658 Saluagnii

267 3659 384 3720 Scholia
398 3662 540 3720 artissima
556 3672 600 3720 est
617 3663 763 3738 cognatio.
806 3662 885 3720 Nam
905 3663 936 3720 in
954 3664 1122 3722 uniuersum
1137 3664 1332 3722 Parisinorum
1348 3682 1420 3722 cum

268 3741 469 3882 Saluagpbnis
483 3760 574 3801 unum
594 3760 687 3818 genus
707 3754 766 3815 est;
797 3743 1043 3803 Merkelianorum
1059 3745 1180 3803 alterum
1194 3744 1282 3822 idque
1297 3762 1421 3822 prorsus

265 3824 413 3888 dissim'e.

308 3906 368 3966 Sed
388 3924 455 3984 ego,
476 3906 526 3982 qui
548 3903 613 3964 Ibin
636 3906 673 3964 de
696 3925 775 3965 nouo
799 3908 884 3966 edere
908 3906 1116 3979 constituerim,
1137 3926 1175 3967 ne
1198 3907 1274 3967 hanc
1297 3908 1422 3984 quidem

266 3997 379 4066 partem
400 3988 498 4065 operis
519 3987 577 4047 mei
599 3988 641 4047 sic
669 3988 748 4047 uolui
771 3989 933 4066 relinquere
961 3989 1211 4065 quemadmodum
1232 4007 1250 4047 a
1270 3992 1422 4066 prioribus

266 4086 447 4149 acceperam.
490 4068 559 4142 Qua
579 4070 609 4127 in
630 4088 661 4128 re
681 4070 754 4130 iuuit
775 4087 823 4129 1110
845 4071 977 4141 fortuna;
1002 4070 1142 4148 namqui
1164 4071 1260 4130 codex
1281 4073 1422 4134 carminis

264 4153 484 4231 antiquissimus
499 4163 542 4210 est
552 4150 590 4224 G,
601 4151 680 4211 idem
694 4162 834 4230 perpetua
845 4151 954 4211 scholia
968 4152 1055 4210 habet
1070 4153 1137 4212 inde
1152 4172 1170 4210 a
1183 4171 1210 4211 u.
1224 4165 1290 4227 253.
1332 4154 1423 4215 Haec

299 4352 314 4385 ’¹‘
333 4350 422 4398 Parisiis
434 4367 462 4398 ex
474 4349 626 4413 typographia
638 4348 744 4411 Dionysii
756 4364 769 4395 a
781 4349 850 4396 Prato
861 4350 898 4395 uia
909 4349 1064 4461 Amypdalina
1076 4349 1224 4397 adventatis
1237 4349 1338 4413 Insigne.

299 4415 317 4468 †
334 4416 398 4462 Prior
410 4417 481 4463 editio
492 4416 642 4478 Saluagniana
655 4415 723 4462 lbidis
735 4416 819 4475 prodiit
832 4416 938 4479 Lugduni
953 4429 962 4462 1
983 4429 996 4475 3
1001 4428 1023 4476 3.

299 4481 315 4536 ‡
332 4481 368 4527 De
379 4482 505 4528 Scholiasta
517 4480 555 4541 qui
567 4488 601 4527 est
614 4480 641 4526 ad
654 4480 731 4526 Ouidii
744 4481 793 4528 lbin
806 4481 986 4529 Commentario.
1020 4480 1099 4557 Gotha
1114 4479 1184 4544 1876.
1272 4540 1280 4564 ὁ

618 4756 638 4792 x
