3082 4980
542 380 869 443 PROLEGOMENA.
1255 378 1285 441 lv

120 539 231 612 yrubni,
256 555 313 612 993
337 537 437 608 uictus,
461 556 520 614 334
542 540 720 610 subruturua,
744 549 811 616 post
832 542 891 614 338
914 546 992 598 caret
1012 535 1137 598 disticho
1158 535 1284 613 Denique

132 618 411 678 Sarmaticas—Hui
422 628 529 694 precer,
551 623 608 695 366
623 584 813 697 Membraque,
835 624 893 698 385
908 630 1053 696 rapux‚4
1035 638 1096 695 430
1109 620 1283 690 contumuit,

133 720 192 776 443
215 702 366 773 wamene,
389 714 446 776 479
471 701 512 773 Vi,
534 717 590 777 501
611 705 733 777 proprie.
779 702 902 780 Saepius
922 711 1022 761 tamen
1042 720 1110 761 cum
1130 701 1154 759 P
1176 699 1283 771 autX,

132 800 358 858 nonnumquam
372 800 440 841 curn
454 782 520 842 Vat.
536 785 685 860 conspirat
699 792 800 844 contra
814 783 852 844 G.
894 783 979 843 His
971 801 1002 841 11
1020 783 1092 842 locis
1110 783 1284 861 plerumque

131 864 253 941 praetuli
267 880 444 923 consensum
457 864 591 941 plurium.

173 945 206 1005 P.
248 945 440 1024 Pbilleppicus
457 948 543 1020 1796,
559 963 634 1005 saec.
649 946 699 1004 xiii
716 946 763 1005 uel
779 945 836 1005 xiv.
879 943 959 1005 Inter
980 945 1108 1023 optimos
1128 953 1173 1005 est
1193 954 1225 1004 ut
1246 961 1284 1005 ex

135 1041 192 1100 512
209 1038 329 1104 apparet
342 1027 392 1085 ubi
406 1027 550 1103 leotrepida
563 1028 685 1104 propius
702 1028 741 1086 ad
758 1045 861 1086 uerum
880 1027 993 1087 accedit
1008 1027 1232 1104 quamanimae
1244 1026 1283 1098 X,

132 1109 246 1167 le'eeru'eie
256 1107 284 1166 T
296 1117 324 1166 et
338 1109 551 1186 plerorumque,
569 1113 627 1183 380
642 1109 712 1167 deest
724 1127 778 1184 pro
793 1111 836 1167 dee
847 1116 895 1180 esi,
913 1127 967 1168 191
984 1109 1189 1185 hominibusque
1202 1107 1285 1185 quod

133 1190 290 1266 antiquitus
303 1190 440 1248 traditum
455 1190 550 1249 habeo
565 1208 619 1267 pro
634 1191 781 1249 usitatiore
796 1191 890 1249 forma
901 1189 1055 1262 Ominibus,
1071 1194 1124 1250 181
1138 1190 1288 1265 quidiste!

133 1289 256 1331 summus
274 1270 311 1329 ab
329 1273 391 1342 eiua,
408 1289 465 1346 193
480 1271 541 1330 Hic
559 1273 614 1330 erit
630 1278 656 1329 et
675 1272 724 1330 ubi
745 1289 813 1331 cum
827 1272 886 1332 GX
899 1272 1044 1331 consentit
1065 1281 1168 1332 contra
1181 1270 1210 1329 T
1224 1271 1286 1329 Hic

133 1359 159 1410 et
175 1354 237 1424 erit,
256 1367 313 1428 959
330 1353 518 1428 trepidumque
538 1353 588 1412 ubi
609 1352 719 1412 cumT
739 1353 885 1412 consentit
905 1363 1007 1413 contra
1025 1353 1198 1429 trepz'dusque
1219 1353 1285 1410 reli·

134 1452 268 1511 quorum,
290 1452 345 1509 391
364 1433 427 1492 Sex
445 1441 484 1506 ui,
498 1434 528 1492 X
543 1433 640 1494 Sexus
659 1441 697 1506 ui,
712 1434 757 1491 Et
772 1436 849 1493 uelut
868 1434 936 1504 GT,
958 1433 1022 1494 Sex
1040 1434 1083 1492 bis
1100 1439 1134 1492 ui
1150 1434 1284 1503 Ouidius,

135 1530 195 1592 559
209 1517 285 1574 auiti
296 1516 375 1575 solus
390 1526 476 1586 recte,
487 1519 579 1575 anema
594 1516 661 1587 TX,
672 1517 761 1574 ueluti
773 1515 810 1575 G.
852 1516 966 1576 Primus
978 1514 1151 1576 Cheltoniae
1165 1514 1284 1574 contuli.

175 1597 213 1656 X.
254 1598 413 1656 Parisinus
428 1610 517 1672 7994.
561 1597 643 1657 Saec.
657 1597 715 1655 xiii.
758 1596 875 1656 Contuli
890 1597 1014 1656 Parisiis.

175 1678 234 1738 His
251 1688 387 1756 quattuor
405 1679 555 1738 codicibus
573 1687 603 1738 et
617 1678 746 1739 Conradi
764 1679 909 1755 excerptis
929 1678 1021 1738 Ibidis
1040 1687 1136 1737 textus
1156 1675 1285 1736 maxime

134 1762 240 1832 nititur,
257 1761 308 1820 sed
328 1761 369 1818 ita
387 1771 421 1818 ut
440 1761 551 1837 primus
571 1760 653 1819 locus
675 1759 757 1819 detur
778 1759 919 1830 Galeano,
939 1761 1086 1820 secundus
1106 1758 1284 1818 Turonensi.

134 1840 287 1902 Praeterea
300 1840 430 1900 subsidio
444 1841 561 1901 fuerunt

175 1923 213 1983 V.
262 1921 471 1982 ilendobenensis
490 1927 559 1998 885,
580 1941 657 1983 saec.
672 1924 731 1983 xiii.
773 1921 864 1982 Hunc
884 1920 1051 1994 Merkeiius,
1070 1940 1107 1981 ex
1128 1918 1285 1982 collatione

135 2002 261 2064 Mauritii
276 2004 398 2081 Hauptii
418 2004 548 2065 exhibuit
568 2005 599 2064 in
619 2005 665 2064 ed.
684 2008 771 2081 1837.
814 2004 916 2081 Ipsum
933 2022 995 2063 non
1013 2004 1082 2075 uidi,
1097 2021 1167 2063 usus
1185 2013 1285 2062 tamen

135 2105 201 2146 sum
223 2085 394 2163 apographo
422 2087 504 2162 quod
527 2098 633 2163 rogatu
658 2105 726 2146 meo
754 2087 978 2146 exscribendum
1006 2087 1117 2145 curauit
1140 2084 1285 2161 Iosephus

136 2168 292 2245 Hauptius,
306 2178 405 2227 custos
419 2167 618 2228 Bibliothecae
638 2167 786 2228 Palatinae
800 2168 1051 2228 Vindobonensis.
1094 2166 1184 2226 Hunc
1204 2165 1285 2225 Mer-

134 2249 226 2310 helius
248 2250 344 2308 solum
364 2267 426 2307 non
446 2249 652 2326 interpolatum
672 2251 875 2327 optimumque
896 2267 932 2308 ex
954 2250 1013 2310 suis
1034 2246 1152 2308 habuit:
1178 2247 1286 2307 nostris

134 2341 271 2407 quattuor
285 2330 398 2390 GTPX
411 2330 577 2390 inferiorem
590 2330 695 2391 habeo.

176 2412 243 2471 Vat.
293 2410 443 2471 Vaticanus
459 2415 536 2471 1699
559 2413 636 2472 circa
656 2413 745 2472 finem
767 2412 891 2490 scriptus
911 2428 986 2474 saec.
1001 2412 1057 2484 xiv,
1074 2421 1106 2472 ut
1127 2419 1247 2488 rogatus
1267 2428 1286 2469 a

135 2511 184 2554 me
210 2492 428 2554 Studemundus
451 2494 598 2553 iudicauit.
646 2494 745 2553 Habet
767 2496 885 2572 propria
907 2495 951 2554 sui
973 2493 1128 2570 quaedam,
1150 2510 1225 2569 quae
1248 2509 1286 2550 ex

134 2578 216 2636 bono
235 2574 337 2634 codice
353 2593 406 2651 per
420 2593 522 2635 casum
536 2576 663 2652 aliquem
676 2577 706 2634 in
721 2594 782 2635 non
796 2577 908 2635 bonum
922 2585 1116 2653 peruenerunt
1132 2592 1194 2649 310
1201 2573 1289 2650 pu'am

135 2677 171 2716 911
184 2658 271 2733 piari,
288 2675 349 2733 399
361 2656 418 2715 Be's
436 2664 495 2716 aeia
514 2659 538 2716 si
556 2658 648 2717 modo
663 2657 706 2715 bis
722 2675 758 2716 ex
775 2677 830 2733 391
848 2657 997 2734 superfuit,
1013 2660 1072 2730 418
1089 2655 1196 2731 Quique
1209 2660 1285 2727 laub,

137 2755 193 2814 519
217 2739 255 2798 lea
274 2740 386 2814 tripula,
410 2754 468 2815 559
486 2739 578 2798 auicii
595 2738 676 2816 quod
698 2739 735 2798 ad
756 2741 831 2797 auiti
848 2739 983 2816 proxime
1004 2738 1124 2798 accedit.
1166 2737 1286 2798 Contuli

136 2821 260 2880 Romae.

177 2902 220 2960 M.
261 2898 447 2962 Matritensis.
492 2901 656 2962 Membran.
679 2920 754 2961 saec.
779 2921 824 2961 xv.
848 2902 1047 2961 Bibliothecae
1069 2901 1213 2973 Publicae,
1235 2901 1285 2960 ubi

136 2982 253 3043 contuli.
295 2982 352 3043 Cui
366 2984 527 3044 simillimus
541 2996 594 3056 est,
609 2985 743 3061 quamuis
758 2994 851 3043 aetate
866 2983 1026 3054 antecellat,

177 3064 217 3123 H.
260 3063 471 3125 Halbbamicus.
507 3065 707 3125 Bibliothecae
719 3065 842 3125 Comitis
856 3066 893 3124 de
904 3064 1069 3141 Lcycestria
1083 3064 1113 3122 in
1127 3081 1199 3140 agro
1211 3061 1287 3122 Nor·

108 3213 112 3215 4
136 3146 275 3227 folciensi.
319 3146 400 3206 Sacc.
415 3148 472 3206 xiii.
516 3147 594 3206 Eum
608 3148 646 3206 ad
660 3165 707 3206 me
723 3146 932 3206 humanissime
946 3146 1105 3205 transmisit
1119 3144 1286 3204 Alexander

137 3227 166 3286 N
168 3228 257 3305 apier,
272 3236 371 3287 custos
385 3227 584 3288 bibliothecae.

178 3309 220 3367 Hi
233 3309 293 3368 duo
304 3308 371 3367 HM
386 3309 460 3369 adeo
474 3311 549 3369 inter
563 3329 595 3370 se
609 3311 796 3371 consentiunt
810 3319 842 3370 ut
855 3327 892 3371 ex
906 3309 1055 3370 communi
1069 3307 1150 3369 fonte
1165 3307 1287 3368 deriuati

135 3391 296 3450 uideantur.

178 3473 273 3531 Parm.
314 3471 481 3533 Parmensis
502 3472 576 3532 HH.
596 3493 623 3532 x.
644 3486 691 3549 97,
711 3491 787 3533 saec.
802 3492 840 3532 xv
861 3473 1039 3534 chartaceus.
1081 3471 1221 3533 Continet
1242 3471 1287 3534 Ib.

139 3573 195 3629 1-3
219 3573 246 3614 9.

178 3569 214 3695 Fi
252 3635 504 3715 Franeesuriauus
529 3637 560 3695 in
585 3635 766 3696 Bibliotheca
794 3637 920 3715 publIca.
970 3637 1096 3697 Heinsio
1119 3634 1213 3697 iudice
1237 3655 1286 3714 ap.

137 3716 257 3776 Merkel.
274 3719 363 3777 Trist.
382 3718 474 3777 Praei.
489 3737 518 3796 p.
533 3719 602 3778 xxxi
623 3720 744 3796 scriptus
765 3731 810 3779 est
831 3721 907 3780 circa
921 3719 1010 3777 finem
1032 3737 1107 3779 saec.
1123 3721 1171 3790 xii,
1187 3737 1286 3777 recen-

137 3799 257 3858 tioribus
278 3811 307 3858 et
327 3799 427 3859 Riesio
446 3801 527 3859 uisus
548 3811 591 3860 est
612 3818 687 3859 saec.
708 3801 756 3859 xiv
776 3801 825 3861 uel
844 3821 891 3861 xv.
934 3800 1187 3876 ‘Interpolationis
1208 3799 1288 3859 haud

136 3880 310 3939 immunem'
326 3881 394 3941 dicit
406 3881 564 3941 Merkelius
574 3900 603 3958 p.
613 3883 701 3952 xxxii,
713 3883 764 3959 qui
778 3902 815 3943 eo
828 3900 899 3942 usus
913 3892 957 3940 est
971 3883 1043 3941 etin
1052 3882 1140 3941 Trist.
1155 3891 1184 3940 et
1194 3880 1287 3939 Ibide.

138 3960 256 4022 Contuli
266 3961 458 4036 Prancofurti3
474 3964 511 4022 de
520 3963 667 4023 nonnullis
677 3964 713 4023 de
723 3963 1023 4040 quibus'ambigebam
1032 3972 1134 4039 postea
1142 3961 1287 4037 rescripsit

137 4043 238 4102 adme
253 4043 378 4117 Riesius,
393 4047 443 4121 qui
457 4054 486 4104 et
500 4046 562 4121 ipse
577 4063 645 4103 eum
660 4045 829 4105 adhibuerat
845 4045 876 4102 in
891 4044 936 4103 ed.
952 4043 1051 4104 Ouidii
1061 4042 1286 4101 Tauchnitiana.

179 4126 295 4185 Praeter
314 4126 371 4186 hos
392 4127 423 4185 in
444 4145 498 4186 usu
519 4126 591 4184 mihi
612 4127 725 4185 fuerunt
744 4125 963 4185 Canonicianus
983 4143 1028 4195 9ο,
1040 4122 1206 4199 'Phillippici
1226 4121 1287 4182 duo

138 4209 230 4282 3369,
252 4209 360 4281 93699,
383 4208 479 4266 Musei
501 4207 659 4267 Britannici
679 4219 737 4266 tres
759 4207 841 4266 Harl.
863 4211 1076 4281 9538,11979,
1099 4205 1196 4263 Sloan.
1219 4215 1286 4279 777,

138 4289 325 4348 LaurentIani
345 4289 443 4348 xxxiii.
465 4308 512 4365 31,
535 4290 630 4349 xxxvi.
649 4307 687 4363 34
709 4306 785 4365 quos
810 4288 932 4346 contulit
953 4304 1021 4346 meo
1042 4296 1144 4362 rogatu
1166 4284 1288 4345 Nicolas

137 4368 164 4428 d’
173 4370 308 4442 Anniani,
329 4371 464 4430 Vaticani
487 4371 561 4447 Reg.
579 4374 665 4440 1801,
688 4370 747 4429 Pal.
766 4383 842 4443 1709
865 4369 915 4444 qui
937 4369 1017 4428 solus
1038 4386 1149 4428 annum
1169 4376 1288 4427 testatur

138 4469 199 4527 quo
213 4453 337 4530 scriptus
352 4464 395 4512 est
413 4472 499 4527 1494,
514 4454 568 4512 sub
582 4452 755 4512 Pontificatu
769 4450 927 4510 Alexandri
940 4450 993 4509 Vl.
