3126 4980
208 365 248 428 96
694 360 876 422 SCHOLIA

207 520 263 581 diis
290 518 451 581 sacrificato
479 516 580 578 Venus
607 528 652 579 est
679 537 763 596 prae·

207 603 297 663 terita
336 601 374 661 G.

251 687 320 757 562.
341 682 455 761 thue
482 701 544 742 sua
571 682 763 742 Macareus.
847 682 941 759 Supra
956 683 1049 759 tetigit
1067 682 1106 742 de
1123 680 1259 742 Canace
1271 699 1385 756 sorore,

208 764 363 825 Macareus
377 783 445 824 cum
463 782 562 827 sorore
577 782 630 824 sua
645 763 763 824 Canace
804 762 848 823 ita·
858 764 1019 824 Biblidos
1033 775 1067 825 et
1082 764 1268 837 Canaces,
1285 764 1336 825 hic
1347 765 1384 824 de

207 848 306 908 coluit
351 845 387 906 G.
804 845 899 919 fratre,
914 847 932 906 i.
947 845 1096 906 Macareo.
1146 845 1183 906 C.

251 926 405 1002 563.ve1
431 927 551 987 uideas
576 925 669 1005 quod
692 927 767 988 iam.
808 929 965 1000 Astianax,
991 929 1070 1005 prius
1096 946 1196 1007 quam
1221 929 1267 989 ab
1293 928 1382 988 Vlixe

208 1009 454 1088 praecipitaretur,
465 1008 538 1068 uidit
552 1010 674 1086 patriam
688 1027 772 1069 suam
786 1009 971 1070 destructam.
1015 1008 1052 1069 G.

251 1092 319 1165 565.
348 1099 385 1149 ut
404 1109 468 1150 auo
489 1091 647 1166 genitore
668 1108 763 1151 crea·
823 1088 1012 1169 ¹Descriptio
1041 1100 1086 1151 est
1118 1089 1249 1152 Adonis
1287 1111 1379 1170 quem

209 1181 271 1232 tus.
317 1171 454 1249 Superius
475 1172 512 1231 de
533 1182 627 1231 morte
647 1171 761 1231 Adoni·
804 1171 928 1233 Cinaras
953 1172 990 1232 de
1014 1172 1104 1232 Mirra
1128 1173 1192 1233 filla
1219 1193 1282 1234 sua
1304 1194 1378 1252 gen-

210 1255 264 1326 dis,
285 1252 376 1312 modo
394 1253 431 1314 de
452 1271 540 1313 causa
561 1255 663 1313 mortis
681 1272 716 1314 .s.
730 1265 763 1314 ut
803 1255 853 1328 uit,
864 1254 944 1315 unde
957 1255 1020 1332 ipse
1034 1254 1088 1314 luit
1101 1264 1132 1314 et
1144 1274 1223 1314 auus
1236 1266 1269 1314 et
1284 1268 1377 1333 pater.

209 1354 245 1395 ea
265 1353 354 1395 causa
379 1335 478 1396 mortis
500 1335 562 1395 Ibis
583 1345 764 1414 pereatque
804 1337 936 1413 superius
945 1337 981 1395 de
990 1336 1120 1411 simplice
1131 1348 1235 1396 morte
1245 1339 1376 1413 Adonis,

209 1418 334 1477 Adonis.
378 1416 415 1477 G.
804 1419 851 1477 hle
866 1418 1001 1478 decausa
1015 1418 1116 1476 mortis
1130 1418 1282 1496 loquitur,
1295 1422 1380 1480 deca

803 1510 836 1559 ut
857 1518 946 1559 causa
964 1499 1025 1558 Ibis
1046 1509 1148 1576 pereat
1170 1519 1236 1578 qua
1255 1503 1380 1563 Adonis

804 1581 880 1641 filius
905 1580 1030 1640 Cinarae
1053 1582 1147 1657 periit.
1202 1584 1259 1642 uel
1285 1603 1379 1664 supra

806 1665 843 1723 de
857 1675 951 1722 morte
962 1662 1096 1734 Cinarae,
1107 1663 1157 1722 hic
1169 1665 1203 1721 de
1220 1664 1378 1727 dedecore

804 1745 862 1816 filii,
874 1745 943 1821 quia
957 1754 1039 1820 pater
1049 1745 1111 1803 eius
1124 1745 1317 1808 'dilaceratus
1333 1758 1380 1808 est

804 1845 822 1886 a
836 1827 956 1897 ciuibus,
972 1827 996 1885 si
1010 1826 1049 1884 ibi
1058 1826 1194 1902 tangitur
1205 1828 1249 1887 de
1262 1828 1382 1892 Cinara

804 1907 983 1983 Cognitor.
1028 1906 1062 1967 C.

252 1994 321 2067 567.
359 1988 506 2051 Ossibus
541 1989 647 2066 inque
684 1990 763 2050 tuis.
846 1990 948 2048 Vlixes
969 1990 1087 2048 maritus
1101 1988 1282 2068 Penelopes,
1299 1995 1381 2056 filiae

210 2073 399 2150 Telegonum
432 2072 533 2148 genuit
566 2068 685 2150 (Circe),
715 2072 764 2148 qui
805 2069 903 2143 Icaria}
918 2080 947 2131 et
966 2071 1033 2130 ideo
1053 2089 1145 2148 gener
1161 2073 1235 2146 eius,
1254 2093 1274 2133 a
1292 2075 1380 2136 Tele-

210 2156 402 2233 postmodum
429 2172 447 2212 a
476 2164 567 2212 matre
595 2172 650 2229 pro
676 2172 764 2231 quae·
805 2154 885 2212 darno
915 2152 974 2211 filio
1006 2170 1061 2212 suo
1096 2152 1213 2214 fatifero
1248 2159 1382 2220 †aciroe

210 2237 303 2295 rendo
332 2245 411 2313 patre
439 2235 545 2294 miSsus
570 2236 608 2294 ad
633 2235 765 2295 Ithacam
805 2234 972 2294 interfectus
993 2234 1053 2292 luit.
1098 2233 1131 2294 C.

211 2320 314 2377 urbem
334 2327 364 2376 et
386 2317 508 2393 patriam
527 2316 629 2390 Vlixis,
650 2326 766 2397 patrem

171 2458 177 2466 ,
211 2399 327 2468 Vlixem
343 2397 457 2458 occidit
500 2396 623 2477 (Mure.)
774 2474 777 2478 .

254 2479 448 2556 569.thue
467 2478 595 2556 loquax
609 2483 643 2539 in
663 2499 764 2557 equo.
781 2476 782 2481 ’
846 2481 986 2556 *Agenor
1004 2478 1098 2557 turpia
1119 2480 1241 2542 locutus
1266 2485 1324 2546 suit
1347 2488 1381 2546 in

212 2560 350 2637 *Agenor
369 2561 445 2620 male
467 2561 591 2639 loquens
612 2563 649 2622 de
667 2563 763 2621 Diana
803 2561 941 2633 Dianam,
955 2563 1034 2622 unde
1056 2563 1128 2621 irata
1148 2562 1218 2622 fecit
1243 2573 1282 2625 ut
1302 2569 1379 2629 dum

188 2644 190 2647 ’
211 2662 300 2720 equm
317 2642 457 2712 ascendit,
473 2652 501 2702 et
519 2643 654 2721 laqueum
672 2644 702 2702 ln
716 2645 766 2702 uia
806 2662 895 2721 equm
906 2663 1019 2704 currere
1020 2646 1143 2721 faceret,
1155 2664 1239 2722 equo
1252 2648 1380 2711 labente

212 2735 340 2802 quaerat
354 2725 444 2782 iturus
458 2726 573 2801 posuit:
594 2744 681 2802 quem
697 2727 765 2785 sub·
805 2737 834 2785 et
849 2726 953 2802 pollice
968 2727 1023 2785 sub
1038 2725 1106 2802 gula
1124 2730 1284 2804 opposito,
1301 2732 1380 2791 dum

211 2808 354 2866 transiens
374 2824 451 2883 equo
472 2806 608 2867 derelicto
629 2809 693 2884 ipse
713 2826 764 2885 pe·
805 2824 916 2884 pronus
931 2805 1046 2867 caderet
1059 2808 1205 2884 iugulatus
1219 2823 1281 2885 est,
1298 2824 1380 2875 teste

211 2889 342 2967 pendit*
388 2887 424 2948 G.
807 2886 920 2949 Gallo*
966 2888 993 2949 C
1005 2889 1113 2949 etAsk.

253 2985 322 3047 571.
344 2970 411 3029 Aut
431 2979 467 3029 ut
487 2969 732 3031 Anaxarchus.
769 2969 941 3031 Anaxarcus
961 2971 1000 3029 ab
1020 2971 1153 3032 hostibus
1176 2973 1240 3035 suis
1266 2976 1379 3056 depre-

210 3209 392 3284 μισοπονήρως
413 3209 558 3281 ἐνεγκόντες
578 3209 614 3266 εἷς
637 3190 765 3279 ὁμώνυμα,
778 3207 825 3279 ὅρη
849 3209 995 3278 μετέβαλον
1018 3211 1191 3283 ἆμφῦτὲρθυΐ·
1235 3216 1283 3285 Cf
1309 3222 1379 3280 Mer.

213 3286 256 3339 VI.
277 3289 363 3350 87-89
382 3281 518 3351 (Leopard.
537 3283 644 3335 Emend.
658 3292 685 3350 p.
699 3298 750 3347 404
763 3283 832 3335 Tam.
849 3284 896 3334 ΙΙΙ
907 3283 1048 3351 Lampadis
1062 3285 1259 3356 Gruter-ianae.)
1300 3294 1379 3349 Mire

210 3365 303 3408 errant
314 3357 370 3408 Get
382 3354 447 3407 Ask.
459 3353 489 3406 de
502 3353 646 3407 Laodamia
658 3353 813 3405 Haemonide
824 3354 1027 3422 interpretantes.

249 3428 310 3489 562.
328 3440 423 3478 sorore
436 3432 463 3477 et
476 3422 609 3477 bilidosG
677 3423 824 3476 machareo
836 3424 866 3478 C.

247 3498 308 3560 563.
327 3496 444 3547 astionas
458 3495 490 3547 G.

250 3570 311 3630 565.
328 3564 451 3633 superius
462 3583 487 3617 u.
502 3579 552 3629 539
643 3563 785 3619 clnerasG
872 3570 901 3620 et
913 3564 1023 3620 aciusG
1110 3566 1145 3620 de
1157 3573 1189 3621 ut
1201 3582 1235 3623 ca
1248 3579 1381 3634 causac

213 3636 342 3706 parcatC
410 3635 502 3687 cinare
516 3635 585 3688 Gbis
656 3634 708 3687 hec
721 3635 857 3689 dedecore
871 3638 900 3691 G.

251 3709 312 3771 567.
330 3704 524 3770 theleogonum
537 3706 614 3758 Mure
701 3711 811 3774 ytacam
823 3708 899 3762 Mure
986 3709 1172 3776 penolopesG
1256 3719 1383 3782 ycaric

213 3777 317 3832 lelusC
393 3774 602 3829 thelamachoc
634 3775 840 3844 Eustath.1796
853 3780 867 3831 ὁ
880 3778 909 3832 δέ
920 3777 967 3847 τὴν
978 3781 1146 3850 Τηλεγόνειαν
1156 3780 1269 3850 γράψας
1283 3793 1381 3859 Κυρη-

214 3852 284 3904 ναῖος
293 3849 321 3901 ἐκ
330 3847 377 3918 μὲν
387 3847 530 3915 Καλυψοῦς
537 3844 681 3916 Τηλέγονον
690 3848 744 3901 υἱὸν
751 3845 878 3904 Ὀδυσσεῖ
889 3849 903 3916 ἢ
915 3850 1065 3919 Τηλέδομον
1133 3849 1245 3906 fatifero
1259 3858 1379 3933 aciroe]

202 3940 249 3975 ¹cm
270 3918 377 3972 fatifero
397 3917 522 3984 trigone?
559 3920 619 3984 Lyc.
639 3933 689 3983 795
712 3921 803 3973 Κτενεῖ
822 3920 854 3974 δὲ
872 3918 959 3990 τύψας
979 3922 1079 3991 πλευρὰ
1100 3921 1223 3992 λοίγιος
1244 3931 1380 4001 στόνυξ

215 3991 317 4062 Κέντρῳ
336 3988 469 4056 δνσολθὴς
486 3988 600 4043 ἔλλοπος
611 3987 778 4057 Σορδωνυτῆς.
816 3992 840 4044 G
851 3993 925 4045 habet
937 3992 1024 4045 ulixes
1036 3992 1100 4060 quia
1111 3992 1252 4046 occiderat
1266 4013 1380 4064 procos

214 4063 307 4116 uxoris
319 4076 367 4114 sue
380 4067 409 4114 et
421 4076 517 4114 seruos
529 4066 557 4112 et
570 4059 678 4112 ancillas
690 4059 725 4111 ab
737 4061 830 4114 amicis
839 4077 936 4115 eorum
948 4064 1054 4116 occisus
1066 4068 1118 4130 est,
1127 4080 1183 4131 quo
1195 4069 1212 4118 a
1226 4064 1248 4135 (i
1258 4076 1379 4144 autem)

213 4150 315 4204 genere
327 4133 376 4186 teli
389 4133 518 4201 nescitur.
553 4129 606 4184 fuir
618 4146 704 4196 gener
718 4130 806 4184 Icarii.

251 4208 311 4271 569.
335 4205 452 4258 Historia
470 4207 548 4273 inepte
565 4201 668 4271 corficta
685 4202 771 4254 sedin
789 4221 865 4270 quam
884 4204 1028 4274 conspirant
1046 4223 1103 4258 cum
1123 4205 1247 4259 ueteribus
1267 4213 1382 4270 scholiis

213 4288 269 4331 tum
282 4277 358 4329 Mure
369 4287 423 4330 tum
436 4278 477 4344 qui
489 4293 555 4328 saec.
564 4273 621 4326 XV
628 4290 728 4326 uersum
744 4274 903 4342 interpretati
918 4287 977 4329 sunt
992 4278 1065 4328 donec
1077 4295 1165 4330 uerum
1177 4277 1262 4332 docuit
1276 4286 1382 4341 Politi-

213 4367 279 4418 anus
289 4348 363 4400 Misc.
376 4346 487 4400 LXXV.
581 4343 690 4396 locutus
701 4347 743 4395 est
755 4343 820 4398 Ask.
904 4345 978 4398 unde
991 4345 1047 4414 ipsa
1060 4347 1129 4400 irata
1141 4345 1207 4400 fecit
1220 4354 1302 4418 quod
1316 4357 1382 4427 ipse

214 4418 280 4471 dum
293 4418 359 4470 Ask.
431 4433 513 4485 equm
526 4415 656 4470 curretC
723 4432 756 4466 ex
768 4416 833 4469 Ask.
845 4418 945 4471 correxi
1016 4419 1106 4486 posito
1118 4419 1186 4473 Ask.

221 4542 225 4549 ,
253 4503 314 4553 571.
333 4489 535 4542 anaxaracusG
593 4499 744 4538 anaxarcus
756 4485 833 4541 Mure
892 4488 990 4557 sinapis
1002 4504 1066 4542 cum
1078 4489 1133 4559 pilo
1145 4490 1223 4544 Mure
1283 4494 1381 4554 Laer.
