3126 4980
621 391 666 450 IN
689 391 785 450 IBIN.
1237 393 1275 450 99

163 548 328 608 Menander
343 549 482 609 Graecus
527 550 597 607 Pal.
617 563 702 626 1709.

164 629 328 690 Menander
342 631 482 691 Comicus
497 631 687 691 Atheniensis
701 631 772 692 dum
785 632 817 689 in
831 631 952 691 Piraeeo
966 641 1054 709 portu
1069 642 1188 704 nataret,
1204 636 1272 692 sub-

120 730 235 771 mersus
250 722 302 782 est,
318 713 355 772 de
370 731 430 788 quo
445 713 643 772 nobilissimae
658 732 676 771 a
691 712 810 772 Graecis
829 714 924 773 editae
942 715 1095 774 traduntur
1108 714 1228 791 Elegiae
1243 726 1271 775 et

121 811 139 852 a
153 792 333 853 Callimacho
347 794 544 871 Epigramma.
590 794 656 854 Cod.
672 793 837 871 Saluagm'i.

162 875 180 933 i.
202 875 358 934 Terentius
372 876 430 953 qui,
446 876 516 935 dum
533 876 625 936 adiret
640 875 794 936 Graeciam
809 876 942 936 deserens
957 877 1130 951 comoedias,
1145 878 1177 937 in
1191 895 1272 937 mare

120 966 253 1015 mortuus
267 966 318 1015 est.
360 958 400 1016 P.
1227 1006 1235 1019 .

164 1052 233 1113 593.
259 1038 328 1179 gut
356 1039 413 1097 ubi
442 1048 635 1098 uentosum.
687 1039 734 1099 De
759 1038 897 1099 Palinuro
922 1049 1025 1099 notum
1050 1049 1095 1100 est
1118 1041 1272 1118 quomodo

120 1119 213 1196 periit.
289 1164 296 1178 .

161 1201 313 1260 Palinurus
334 1211 423 1261 nauta
443 1201 564 1260 Aeneae
586 1221 688 1261 somno
709 1203 810 1279 pulsus
831 1203 861 1259 in
882 1221 963 1261 mare
982 1203 1105 1262 cecidit:
1138 1204 1269 1264 natando

120 1292 219 1341 tamen
229 1283 271 1342 ad
284 1284 350 1342 litus
366 1284 486 1342 ueniens
501 1302 519 1341 a
533 1284 710 1360 quibusdam
730 1285 898 1362 putantibus
918 1285 999 1343 illum
1019 1303 1084 1344 esse
1105 1295 1269 1345 monstrum
1298 1281 1301 1293 ’

120 1365 236 1424 occisus
250 1374 302 1436 est,
317 1374 348 1422 ut
366 1364 393 1423 d.
408 1364 555 1440 Virgilius
601 1364 634 1424 C.

161 1445 311 1505 Palinurus
331 1446 385 1505 fuit
405 1455 494 1504 nauta
514 1445 637 1506 Aeneae
658 1464 746 1523 quem
768 1447 963 1523 appellantem
985 1445 1116 1506 litoribus
1137 1457 1269 1525 pastores

118 1525 331 1599 interfecerunt,
346 1536 482 1604 putantes
496 1529 592 1604 ipsum
607 1547 672 1588 esse
686 1537 829 1587 mostrum
843 1529 996 1587 marinum.
1038 1527 1076 1586 P.

162 1623 230 1684 595.
252 1609 365 1686 thue
385 1608 630 1669 cothurnatum
650 1618 775 1668 uatem.
818 1609 974 1686 Euripides
992 1610 1149 1689 alcanibus
1167 1610 1267 1669 dilani-

119 1701 192 1750 atus.
238 1690 302 1750 Cad.
320 1689 483 1766 Saluagnc's‘.
846 1762 848 1766 Ι
1111 1741 1114 1745 ,

160 1771 289 1844 Quidam
303 1773 429 1848 tragicus
444 1773 514 1830 dum
528 1781 618 1831 noctu
632 1773 685 1830 iret
700 1771 873 1831 studendoa
887 1772 1008 1831 canibus
1022 1781 1141 1832 uoratus
1153 1782 1205 1843 est,
1218 1775 1268 1850 qui

118 1851 186 1911 ideo
198 1854 331 1913 dicuntur
346 1871 409 1912 esse
424 1855 454 1912 in
469 1855 557 1913 tutela
571 1853 744 1918 †Mineruae
757 1854 805 1913 uel
820 1854 887 1931 quia
901 1863 946 1912 est
960 1854 1041 1913 canis
1055 1872 1145 1931 sagax
1160 1855 1267 1914 animal

118 1934 166 1992 uel
180 1936 248 2013 quia
262 1937 303 1994 eis
318 1937 405 1994 utitur
418 1936 449 1995 in
462 1936 608 1994 uenando.
655 1934 691 1996 G.

159 2015 309 2092 Lupercus
330 2028 413 2076 uates
437 2018 567 2094 quodam
592 2017 639 2076 die
663 2017 773 2075 intrans
798 2016 942 2092 templum
965 2016 1080 2078 Dianae
1101 2038 1120 2077 a
1144 2018 1266 2078 canibus

118 2096 214 2173 ipsum
229 2099 370 2174 templum
385 2099 614 2158 custodientibus
629 2098 806 2158 dilaceratur.
848 2097 946 2157 Mure.

160 2192 228 2255 597.
250 2180 318 2240 Aut
333 2190 370 2239 ut
383 2181 595 2240 Trinacrius.
629 2178 836 2257 Empedocles,
848 2180 952 2240 uolens
966 2181 1044 2240 credi
1059 2180 1131 2240 deus
1145 2181 1265 2240 immor-

117 2260 189 2330 talis,
204 2263 235 2319 in
249 2261 378 2320 Aetnam
392 2261 533 2337 prosiluit.
578 2261 615 2321 G.

158 2341 354 2420 Philosophus
376 2343 494 2419 quidam
516 2343 553 2402 de
576 2342 681 2415 Sicilia,
703 2343 754 2419 qui
774 2342 979 2403 Trinacrius
1004 2343 1107 2402 dicitur
1131 2361 1149 2402 a
1172 2344 1264 2403 tribus

117 2424 319 2483 excelsissimis
333 2426 491 2496 montibus
506 2434 537 2482 ut
551 2425 623 2483 deus
637 2425 808 2484 immortalis
823 2423 984 2497 haberetur,
999 2425 1129 2483 Aetnam
1147 2424 1263 2494 insiluit,

116 2523 191 2581 quae
216 2524 332 2582 semper
352 2507 462 2564 euomit
485 2507 593 2582 ignem,
617 2507 696 2585 quod
721 2507 824 2566 dicitur
845 2507 962 2566 euenire
986 2515 1106 2584 propter
1128 2506 1265 2582 gigantas

115 2587 336 2647 subtermersos.
379 2587 528 2647 Horatius.
573 2588 607 2648 C.

156 2669 174 2727 i.
195 2668 399 2745 Empedocles.
443 2670 511 2742 Hic,
532 2670 606 2728 sicut
630 2670 729 2729 recitat
750 2670 900 2740 Horatius,
921 2677 1028 2744 putans
1048 2667 1142 2728 taliter
1163 2668 1263 2728 haberi

116 2749 189 2809 deus
203 2751 311 2809 insiluit
324 2752 355 2810 in
370 2751 500 2810 Aetnam
513 2760 542 2810 et
557 2760 688 2810 mortuus
703 2761 755 2811 est.
797 2752 835 2810 P.

151 2884 212 2932 593.
230 2858 350 2922 eeneeG
439 2869 562 2923 sonnoG
649 2875 804 2922 monstrum
817 2870 883 2921 Aen.
898 2870 940 2923 Vl.
955 2883 1004 2933 359
1018 2866 1054 2919 Ni
1067 2868 1263 2934 genscrudelis

114 2939 222 2991 madida
240 2954 304 2991 cum
322 2944 401 2992 ueste
418 2945 562 3006 grauatum
575 2939 811 3007 Prensantemque
829 2940 908 2992 uncis
921 2938 1046 2991 manibus
1062 2939 1151 3005 capita
1167 2955 1263 3007 aspera

114 3011 215 3061 montis
225 3009 247 3060 F
249 3025 312 3062 erro
322 3010 463 3063 inuasisset
473 3011 656 3078 praedamque
665 3010 759 3076 ignara
768 3014 896 3079 putasset.
923 3010 1261 3063 ErroremScholiastarum

113 3100 145 3133 esc
158 3081 303 3149 Vergiliano
315 3100 389 3135 uersu
405 3096 453 3146 379
468 3081 602 3147 Prodigiis
619 3081 673 3132 acti
685 3079 847 3134 caelestibus
862 3096 922 3132 ossa
936 3079 1050 3148 piabunt
1061 3099 1109 3133 non
1125 3082 1204 3149 inepte
1215 3101 1261 3134 esc-

109 3151 227 3220 plicabc's.
263 3154 316 3205 Pro
330 3161 442 3205 monstro
450 3154 511 3219 fuit
531 3152 654 3206 Palinuri
665 3165 753 3222 corpus
769 3152 922 3222 neglectum:
945 3152 974 3204 id
987 3151 1061 3204 inscii
1072 3152 1109 3204 ad
1119 3162 1261 3206 monstrum

114 3224 244 3275 marinum
256 3223 454 3277 transtulerunt.

150 3309 183 3358 59
186 3309 211 3357 5.
229 3293 353 3346 minerue
368 3295 400 3361 G,
412 3313 556 3362 quanquam
569 3296 596 3347 in
608 3303 679 3348 textu
691 3294 766 3346 habet
778 3291 876 3358 Diane,
888 3311 932 3346 nec
943 3293 994 3345 nisi
1005 3293 1042 3345 ad
1052 3293 1170 3344 Dianam
1180 3304 1261 3362 potest

114 3364 207 3429 referri
217 3384 308 3419 canum
318 3368 459 3434 sagacitas.
515 3365 656 3433 Lupercus
668 3368 761 3417 autem
770 3368 803 3415 ut
815 3364 859 3417 alii
871 3364 1017 3431 scriptores
1030 3362 1125 3415 dicunt
1135 3363 1260 3428 lupercus

114 3436 271 3489 uatesMure
317 3433 347 3503 a]
359 3441 388 3489 et
397 3437 474 3489 Mure
500 3437 553 3488 Hoc
564 3438 601 3488 sic
612 3445 686 3489 extat
694 3438 720 3488 in
731 3435 855 3488 GetAsk.
875 3432 1259 3503 Pesalus(pesulusAsk.)fuit

114 3505 224 3572 quidam
237 3506 373 3572 tragedus,
384 3523 439 3574 quo
452 3512 564 3559 mortuo
574 3506 637 3574 quia
649 3505 775 3559 omnibus
785 3510 844 3559 erat
856 3505 958 3558 inuisus
971 3505 1089 3558 cadauer
1099 3504 1156 3557 eius
1166 3503 1259 3574 (suum
1335 3574 1336 3577 Ἴ

113 3575 232 3628 cadauer
246 3575 278 3644 C)
297 3577 409 3630 canibus
427 3576 480 3630 fuit
498 3577 652 3644 expositum
671 3584 700 3629 et
718 3576 753 3629 ab
771 3576 821 3629 illis
840 3577 1017 3629 dilaceratum
1033 3587 1170 3645 postquae
1186 3578 1260 3631 addit

113 3649 179 3699 Ask.
199 3646 290 3700 Diana
308 3649 434 3701 uenatrix
453 3653 482 3700 et
503 3648 680 3700 uenatoribus
698 3663 779 3700 canes
798 3648 977 3701 conueniunt.
1014 3648 1085 3718 Haec
1102 3650 1138 3699 sic
1155 3649 1259 3716 explico.

113 3719 249 3785 Lupercus,
271 3719 397 3773 Italorum
418 3720 478 3772 deus
503 3721 613 3787 idemque
637 3729 718 3786 uates,
737 3738 808 3786 quem
832 3731 861 3773 ut
884 3722 911 3773 in
935 3720 1008 3788 agris
1022 3721 1103 3785 feras
1127 3729 1259 3772 cenantem

113 3789 246 3841 cothurnos
260 3801 374 3857 gestasse
392 3790 508 3844 credibile
523 3801 568 3855 est,
580 3791 640 3843 dum
658 3792 742 3843 intrat
760 3791 880 3858 templum
892 3791 997 3843 Dianae
1011 3790 1077 3857 quod
1091 3791 1261 3843 custodiebant

113 3877 195 3925 canes,
207 3861 309 3913 animal
324 3861 388 3930 lupis
406 3862 607 3927 infestissimum,
619 3861 653 3914 ab
670 3861 709 3913 his
726 3861 840 3914 laniatus
855 3873 900 3914 est.
936 3862 978 3927 Cf.
990 3860 1062 3913 Plut.
1075 3861 1124 3929 Qu.
1137 3861 1210 3913 Rom.
1224 3863 1257 3911 68
1351 3869 1352 3873 ’

112 3928 196 3983 διὰτί
213 3928 276 3982 κύνα
293 3929 401 3984 θύουσιν
417 3932 441 3983 οἶ
454 3930 611 4001 Λούπερκοι;
633 3928 648 3998 ἢ
666 3929 744 3987 λύκος
761 3931 808 4000 μὲν
825 3933 840 3984 ὀ
858 3933 956 3986 λοῦπός
974 3930 1041 3996 ἔστι,
1055 3932 1096 3983 καὶ
1113 3928 1208 3982 Λύκαια
1226 3931 1258 3983 τὰ

112 4001 308 4070 Λουπερκάλια;
325 3999 394 4072 λύκῳ
404 4001 432 4054 δὲ
442 4000 507 4054 κύων
515 4001 641 4071 πολέμιος
653 4003 693 4055 καὶ
702 4001 744 4054 διὰ
752 4005 828 4055 τοῦτο
841 4001 927 4055 θύεται
939 4004 994 4055 τοῖς
1004 3999 1136 4054 Λοκαῖοιςτ
1153 3999 1187 4052 ib.
1200 4018 1258 4052 111.

112 4071 161 4123 Hic
174 4073 310 4140 Lupercus,
323 4084 393 4125 uates
406 4075 580 4139 cothurnatus,
590 4092 646 4126 cum
659 4075 801 4141 Lupercum
815 4091 916 4126 uxorem
929 4074 1040 4137 haberet,
1052 4072 1205 4124 Phaestulus
1219 4071 1260 4124 uel

112 4143 251 4195 Faustulus
269 4143 321 4195 alio
332 4146 429 4196 nominc
445 4143 587 4212 significari
603 4145 711 4197 creditus
729 4155 775 4196 est.
818 4144 867 4196 Sed
876 4142 1011 4196 Phaestulc'
1026 4144 1123 4194 nomine
1134 4145 1161 4194 in
1173 4141 1259 4194 Pesuli

112 4224 228 4281 corrupto
241 4233 303 4266 ucra
315 4213 466 4280 illafabula
479 4232 555 4283 quam
568 4216 644 4267 Mure
653 4217 767 4268 seruauit
780 4215 926 4267 oblitterata
938 4224 991 4279 est;
1009 4213 1258 4269 cothurnatusuates

111 4287 185 4337 cessit
197 4286 224 4336 in
237 4285 402 4352 tragoedum:
420 4296 501 4339 cetera
514 4304 573 4337 mox
585 4285 787 4353 affingebantur,
800 4285 1006 4352 quemadmodum
1019 4284 1138 4351 leguntur
1150 4284 1176 4335 in
1189 4284 1217 4337 G.

55 4418 59 4429 Ι
148 4369 208 4419 597.
227 4354 255 4406 in
268 4374 316 4408 am.
332 4357 355 4408 G
414 4355 679 4410 excellentissimisC
738 4355 848 4408 ethnam
862 4356 918 4409 GP
976 4354 1134 4420 gigantesG
1193 4355 1272 4408 Hor.⁴

111 4429 148 4479 A.
158 4429 190 4479 P.
204 4429 255 4548 νοΐ
269 4426 336 4478 deus
348 4427 499 4481 inmortalis
511 4426 605 4480 haberi
619 4426 695 4479 Dum
707 4427 783 4495 cupit
796 4425 978 4494 Empedocles
990 4424 1133 4479 ardentem
1145 4423 1258 4493 frigidus

111 4497 229 4550 Aetnam
256 4497 356 4552 nsiluit.

612 4583 723 4645 ,rra
