3126 4980
253 392 290 445 44
737 382 918 441 SCHOLIA

253 541 346 601 Publii
361 539 489 598 Nasonis
505 539 603 599 Ouidii
623 540 693 598 liber
706 541 906 599 inuectionum
926 541 955 596 in
972 539 1036 596 Ibin
1056 538 1166 614 incipit.
1209 537 1279 596 Non
1300 537 1405 596 dicitur

253 625 371 701 primuS,
388 623 456 698 quia
474 632 535 680 non
556 623 684 697 sequitur
698 623 851 692 secunduS,
868 640 929 679 non
944 631 988 679 est
1002 621 1080 678 enirn
1101 621 1155 678 nisi
1173 638 1258 678 unus.
1302 619 1403 678 Scien-

254 707 324 764 dum
339 715 436 761 tamen
451 713 495 760 est
510 703 589 778 quod
605 703 728 762 Ouidius
743 722 851 761 nomen
869 703 958 760 inuidi
978 703 1021 761 sui
1038 704 1137 761 reticet
1153 704 1226 759 utin
1242 701 1350 760 Ouidio
1367 702 1404 759 de

253 786 349 844 Ponto
365 786 403 843 ait
418 784 562 843 Nomine
580 802 646 842 non
665 795 737 842 utar
758 803 798 842 ne
818 785 1052 843 commendere
1073 783 1232 860 querella,
1250 795 1304 842 etc.
1348 782 1405 839 Per

255 868 471 926 similitudinem
490 877 588 924 tamen
608 867 668 923 ibin
688 885 755 924 eum
775 867 916 935 nominat,
932 879 960 923 et
975 867 1095 923 merito:
1119 866 1174 923 ibis
1189 865 1267 922 enim
1283 874 1327 922 est
1340 864 1404 922 auis

254 960 348 1006 rostro
366 948 456 1005 rubeo
472 948 565 1005 cauda
584 949 667 1022 nigra
686 959 783 1006 cetero
798 966 921 1024 corpore
937 949 1012 1005 alb0.
1056 948 1111 1005 Per
1130 947 1300 1005 rubedinem
1319 955 1380 1003 rost
1381 946 1404 1002 ri

255 1030 422 1105 designatur
436 1029 554 1087 flamma
568 1029 694 1087 inuidiae
706 1048 763 1105 qua
777 1029 973 1087 inflammatus
988 1028 1104 1086 inuidus
1116 1028 1214 1087 Ouidii
1230 1028 1403 1121 sanguinem

255 1112 378 1168 sitiebat.
419 1109 474 1167 Per
488 1109 646 1168 candorem
665 1111 796 1186 corporis
815 1112 965 1169 simulatus
985 1129 1067 1169 amor
1081 1121 1197 1168 notatur
1212 1111 1294 1168 cuius
1313 1107 1406 1184 turpis

255 1193 322 1249 finis
343 1210 395 1269 per
414 1192 524 1250 caudae
543 1192 724 1267 nigredinem
744 1195 823 1287 aperi
825 1202 877 1250 t.ur
921 1193 996 1250 ltem
1015 1192 1129 1250 ciconia
1149 1200 1241 1258 rostro
1262 1208 1315 1248 suo
1336 1208 1405 1265 pur·

254 1292 325 1348 gare
349 1273 485 1331 inlerio'ra
510 1273 621 1344 dicitur,
646 1275 755 1332 unde
748 1293 779 1331 rn
804 1293 840 1332 ea
868 1273 938 1331 nihil
964 1284 1056 1332 rostro
1081 1273 1225 1332 sordidius
1250 1273 1405 1330 inuenitur.

256 1354 344 1412 Vnde
365 1371 417 1430 per
438 1355 529 1414 simile
551 1364 646 1431 potest
668 1356 724 1414 dici
746 1356 782 1414 de
803 1355 903 1413 inuido
920 1355 1001 1432 quod
1020 1374 1070 1413 ore
1093 1373 1147 1412 suo
1169 1354 1238 1411 nihil
1259 1353 1405 1410 sordidius

256 1437 390 1506 habebat,
413 1435 529 1512 dequo
552 1436 746 1496 detractiones
769 1437 913 1513 prodeunt
934 1448 963 1495 et
987 1437 1114 1494 inuidiae
1136 1435 1174 1493 lel
1195 1435 1325 1493 destillat.
1353 1433 1406 1491 'ld

256 1527 352 1576 autem
372 1518 454 1593 quod
473 1519 576 1576 dicitur
590 1518 626 1576 de
642 1518 755 1577 ciconia
773 1529 851 1577 recte
866 1519 978 1577 uidetur
993 1519 1092 1577 inuido
1108 1519 1275 1576 conuenire.
1318 1515 1406 1573 Vnde

244 1600 357 1658 vmerito
373 1600 492 1658 nomine
505 1599 591 1657 ibidis
606 1601 781 1676 designatur.
822 1600 865 1659 X.

246 1782 248 1785 ’
299 1770 325 1831 7.
348 1755 459 1815 Vnus:
489 1757 507 1815 i.
526 1757 642 1816 inuidus
662 1776 750 1836 quem
770 1759 852 1816 aliter
869 1777 930 1817 non
947 1759 1117 1830 nominab0,
1132 1775 1200 1816 non
1215 1757 1301 1827 sinit,
1316 1755 1407 1814 male-

256 1838 382 1896 dicendo
397 1839 434 1896 de
449 1857 505 1898 me.
545 1839 623 1900 Hoc
643 1841 752 1916 ipsum
767 1840 847 1916 quod
862 1841 1007 1899 maledicit
1022 1839 1057 1898 de
1072 1858 1120 1897 me
1135 1851 1178 1898 est
1193 1857 1259 1896 mea
1278 1838 1406 1907 iniuria,

242 1921 326 1995 -quia
347 1938 364 1977 a
385 1921 465 1979 nullo
485 1920 642 1997 uituperari
661 1921 754 1980 merui
773 1941 828 1980 nec
847 1923 997 1998 potissime
1017 1923 1054 1980 ab
1073 1922 1122 1980 illo
1140 1922 1186 1980 cui
1206 1920 1333 1978 maxime
1348 1937 1407 1977 ser·
1491 1970 1493 1973 .

257 2000 326 2061 uiui.
369 2001 402 2060 C.

300 2101 327 2156 9
342 2083 584 2158 utcumquelat
573 2084 673 2143 tebit:
690 2085 811 2161 raquuo
820 2085 986 2156 mod0,non
998 2085 1188 2161 appellando
1182 2101 1278 2161 ipsum
1287 2099 1407 2158 propno

243 2164 379 2222 ‘nomine
394 2164 445 2223 sed
460 2164 550 2224 lactis.
588 2163 658 2224 Hoc
674 2165 744 2226 dicit
759 2167 839 2242 quod
853 2186 914 2225 non
929 2169 1050 2224 omnino
1066 2167 1164 2237 latets
1157 2184 1217 2223 nno
1232 2163 1408 2241 quibusdam

259 2245 476 2385 coniecturisCin
487 2245 548 2305 hoc
562 2247 636 2305 libro
651 2266 702 2324 per
713 2249 921 2324 descriptiones
932 2250 1010 2325 posit
1010 2250 1034 2307 is
1046 2248 1256 2325 aliquantulum
1268 2263 1408 2323 apparere

243 2327 371 2402 poterit.
446 2370 453 2386 .

243 2446 245 2450 ι
304 2426 349 2482 13.
371 2408 519 2503 requiem
544 2411 746 2486 quaerentia.
790 2411 1217 2487 Hocideodicitquia,cum
1238 2411 1301 2486 ipse
1322 2408 1409 2466 mittit

243 2490 334 2565 epist
323 2489 397 2547 tulas
419 2490 520 2549 amicis
545 2492 604 2550 suis
630 2501 659 2549 ut
684 2493 823 2551 adiuuent
844 2512 920 2564 eum,
936 2506 980 2552 est
998 2493 1024 2552 ei
1043 2492 1204 2553 contrarius
1226 2490 1409 2591 dehortando

256 2571 370 2629 amicos
383 2571 458 2629 illius
473 2582 579 2630 utnon
594 2573 738 2633 adiuuent
782 2576 819 2633 P.

305 2655 350 2709 18.
370 2664 504 2729 pugnat.
528 2654 736 2713 Inmensam
712 2675 774 2715 erus
785 2656 919 2733 exprimit
930 2656 1061 2716 ferocitat
1050 2666 1109 2714 tem
1120 2666 1149 2714 et
1158 2655 1408 2725 inhumanitatem,

260 2733 337 2810 quia,
358 2739 426 2792 cum
437 2735 559 2794 deberet
580 2737 702 2797 miseriis
723 2739 782 2797 suis
805 2741 941 2815 compati,
963 2747 1089 2815 pugnat
1114 2738 1236 2796 habere
1258 2736 1409 2811 relliquias

261 2815 312 2875 sui
333 2816 507 2892 naufragii,
529 2819 699 2893 metaphora
714 2830 830 2896 sumpta
844 2839 861 2878 a
875 2820 1035 2896 naufragio,
1080 2818 1114 2878 C.

222 2929 224 2933 .
243 2947 245 2950 .
306 2915 350 2972 19.
375 2898 430 2974 qui
450 2899 624 2958 debuerat:
648 2900 665 2958 i.
681 2902 730 2977 qui
748 2901 819 2959 mihi
833 2903 971 2960 auxilium
991 2912 1137 2978 praestare
1151 2901 1270 2959 deberet
1289 2908 1317 2956 et
1336 2897 1411 2957 meis

259 2979 481 3039 necessitatibus
497 2981 646 3057 suffragari
661 2993 728 3059 post
742 3002 808 3042 mea
823 2996 944 3042 conatur
959 2985 1092 3060 arripere,
1108 2982 1279 3058 metaphora
1293 2988 1411 3056 sumpta

261 3062 298 3119 ab
312 3061 449 3121 incendio
463 3063 501 3121 ad
515 3065 596 3140 quod
610 3067 693 3139 rpecr'e
707 3065 896 3141 extinguendi
913 3065 995 3124 multi
1007 3065 1131 3123 ueniunt
1148 3065 1200 3123 sed
1216 3076 1410 3141 posteaquam

260 3153 391 3220 possunt,
407 3145 529 3220 rapiunt.
575 3145 608 3204 C

241 3264 243 3268 ,
304 3243 351 3282 21.
373 3226 541 3320 profugae.
584 3227 639 3286 Per
652 3245 774 3287 uxorem
789 3247 885 3287 meam
901 3247 989 3305 quam
1004 3226 1122 3286 retrahrt
1135 3229 1172 3286 ab
1187 3227 1292 3288 officio
1331 3225 1410 3284 Nam

195 3343 204 3354 ·
228 3331 237 3341 ·
261 3306 371 3366 Ouidio
382 3309 435 3366 mit
424 3310 568 3368 ttebantur
578 3309 687 3369 reditus
702 3328 819 3369 suarum
834 3311 1055 3386 possessionum
1066 3310 1144 3368 unde
1155 3309 1288 3369 uiuebat
1279 3328 1313 3366 un
1324 3307 1411 3366 exilio

261 3390 299 3447 ab
313 3406 405 3448 uxore
422 3408 492 3448 sua:
515 3409 593 3448 nunc
608 3401 706 3449 autem
720 3392 837 3450 inuidus
851 3392 1044 3451 dissuadebat.
1090 3391 1124 3450 C

241 3506 243 3510 ,
302 3479 466 3529 senectae.
509 3471 620 3530 Malum
635 3482 679 3531 est
693 3474 771 3531 enim
787 3475 849 3532 seni
866 3475 1029 3534 necessaria
1043 3473 1162 3544 auferre,
1178 3471 1260 3549 peius
1275 3470 1411 3547 profugo,

245 3573 247 3577 ·
262 3550 314 3610 sed
329 3554 488 3627 pessimum
503 3554 567 3612 seni
580 3563 609 3611 et
624 3554 758 3630 profugo.
802 3554 838 3614 C.

242 3656 244 3679 2
304 3652 352 3707 30.
373 3632 505 3692 debitus
526 3633 612 3694 hos
591 3644 631 3693 rs
652 3654 727 3693 ero:
750 3637 916 3695 rdebrtas
909 3637 1071 3695 rnrmrcmas
1086 3636 1238 3694 exercebo

240 3751 242 3757 ι
305 3728 352 3790 35.
375 3715 416 3772 Et
434 3733 521 3774 noua
538 3716 693 3775 fraterno.
728 3718 864 3777 Eteocles
874 3730 907 3777 -et
921 3719 1074 3795 Polynices
1090 3717 1204 3776 luerunt
1218 3715 1327 3788 fratrea,
1342 3715 1413 3775 alter

242 3813 387 3873 quorum
410 3809 526 3855 mortuo
551 3808 633 3874 patre
657 3818 780 3876 regnum
803 3800 878 3858 fratri
899 3801 937 3859 ad
959 3812 1075 3876 tempus
1096 3799 1261 3875 relinquens
1283 3797 1413 3857 Creonta

240 3910 243 3912 ·
261 3896 362 3954 regem
376 3878 473 3938 adluit.
515 3880 622 3939 Postea
638 3899 709 3940 uero
729 3882 845 3941 rediens
863 3900 988 3958 regnum
1003 3901 1020 3940 a
1035 3881 1121 3939 iratre
1136 3881 1238 3957 petiuit
1252 3890 1281 3939 et
1295 3880 1412 3938 fratrem

241 3979 247 3986 ⁴·
261 3961 412 4020 nolentem
432 3962 486 4020 sibi
503 3980 628 4038 regnum
647 3963 768 4023 reddere
787 3964 864 4023 bello
884 3965 990 4022 inuasit
1005 3974 1037 4021 et
1055 3964 1096 4022 sic
1110 3972 1230 4041 uterque
1246 3961 1412 4021 interfectus

239 4150 244 4180 3
299 4126 324 4174 9.
343 4113 473 4177 appetere
486 4111 502 4164 i.
515 4126 646 4179 apparere
659 4113 688 4166 C.

302 4197 342 4245 13.
361 4187 392 4232 ut
405 4181 493 4249 ipsum
506 4198 562 4235 non
574 4182 737 4237 adiuuarent
749 4185 781 4236 P.

302 4256 341 4303 18.
361 4251 388 4303 in
401 4269 524 4306 mensum
538 4255 566 4308 G.

240 4338 241 4341 ¹
302 4340 343 4386 19.
362 4322 396 4375 ad
409 4325 484 4391 quod
497 4325 553 4392 ipse
565 4326 742 4393 extinguendi
756 4328 784 4381 C.

241 4416 243 4420 v
301 4411 344 4445 21.
363 4393 397 4445 ab
411 4395 500 4449 officio
513 4412 576 4449 meo
589 4398 616 4451 C.

302 4480 344 4528 35.
363 4464 482 4518 Teucles
495 4474 523 4520 et
537 4467 677 4535 pollinices
689 4472 713 4522 P
786 4466 919 4537 Creonta]
933 4471 1009 4521 immo
1024 4470 1178 4522 Adrastum.
