3038 4988
271 384 327 440 146
671 374 1020 437 COMMENTARIVS.

268 537 309 591 M.
320 535 337 590 i.
350 547 409 604 577·
450 533 508 590 Sed
527 545 622 588 tamen
642 533 671 587 in
690 532 773 587 simili
793 534 856 588 loco
875 533 912 588 de
929 534 1013 588 leone
1033 534 1103 588 Plut.
1125 533 1161 588 de
1181 533 1290 588 Fluuiis
1307 533 1415 601 xviiia

266 624 352 676 quem
371 606 399 661 in
417 608 564 675 Apparatu
585 603 690 659 Critico
710 603 804 671 citaui,
822 605 985 674 Apesantus
1003 603 1126 672 Argiuus
1148 604 1252 659 dicitur
1270 605 1365 673 ποιμήν
1382 627 1418 660 τις

264 683 324 731 τῶν
341 677 507 748 ἐγχωρίων,
526 685 557 730 ut
575 675 745 729 uocabulum
763 674 832 729 illud
850 692 885 729 ex
903 675 1006 729 eodem
1023 675 1101 729 fonte
1121 685 1149 730 et
1169 675 1292 733 Ouidius
1311 686 1340 730 et
1359 677 1417 730 Plu·

266 750 381 804 tarchus
399 746 541 817 potuerint
558 745 673 813 inferre,
682 745 706 799 si
723 756 799 800 recte
812 745 920 799 conieci
935 745 982 799 hic
994 745 1146 814 legendum
1159 764 1223 801 esse
1236 747 1418 816 Apesanteae.

266 823 338 873 502.
363 821 553 872 Phalaeceae
571 833 608 871 an
624 816 765 885 Plcayleae
783 816 939 871 eruendum
957 815 993 871 sit
1012 834 1047 870 ex
1066 828 1197 887 corrupto
1216 817 1349 872 codicum
1367 819 1418 870 Pa·

261 890 372 961 phagee
389 889 527 943 incertum
546 896 596 942 est.
637 887 776 941 Fabulam
796 896 943 941 seruarunt
964 886 1158 942 scholiastae:
1184 904 1291 942 nornen
1312 888 1420 943 diuersa

266 960 393 1016 traditur.
412 958 573 1013 Antoninus
587 957 723 1012 Liberalis
736 957 783 1028 qui
798 957 935 1011 Nicandri
950 959 1198 1028 Metamorphoses
1210 969 1239 1014 et
1252 959 1421 1014 Athanadae

267 1029 438 1085 Ambracica
456 1039 569 1084 secutus
588 1037 640 1097 est,
654 1029 827 1083 Phalaecum
845 1029 969 1098 appellat
988 1031 1058 1084 Met.
1072 1028 1106 1084 iv.
1138 1027 1264 1099 Ἀρτεμις
1282 1029 1312 1083 δὲ
1330 1031 1361 1082 τὸ
1378 1030 1421 1098 μὲν

267 1104 349 1156 νεῖκος
366 1101 491 1154 κατέπαυε
509 1101 538 1153 rb
556 1100 622 1168 πρὸς
636 1100 682 1153 τὸν
693 1095 856 1165 Ἀπόλλωνα,
874 1096 934 1168 παρ’
951 1099 1055 1154 ἑκόντος
1073 1097 1095 1152 δ’
1112 1096 1185 1166 ήξίου
1202 1100 1250 1167 τήν
1263 1098 1422 1169 Ἀμβρακίαν

267 1173 345 1241 ἔχειν·
364 1170 485 1241 ἐφίεσθαι
497 1170 548 1240 γὰρ
560 1171 605 1237 τῆς
615 1171 716 1225 πόλεως
733 1170 798 1223 κατὰ
815 1171 952 1239 πρόφασιν
964 1168 1091 1237 τοιαύτην·
1117 1170 1159 1224 ὅτε
1172 1172 1304 1226 Φάλαικος
1318 1171 1421 1239 ἔτυμόν·

266 1264 322 1295 νευε
334 1243 379 1309 τής
390 1243 500 1303 πόλεως,
508 1241 611 1295 οὐδενὸς
622 1240 699 1294 αὐτόν
710 1238 851 1307 δυναμένου
863 1241 927 1296 κατὰ
939 1239 997 1296 δέος
1008 1239 1108 1294 ἀνελεῖν
1120 1240 1184 1308 αὐτή
1196 1245 1377 1310 κυνηγετοῦντι
1388 1241 1422 1311 τηῖ

267 1313 387 1383 Φαλαίκιρ
398 1313 530 1382 προφήναι
543 1308 656 1379 σκύμνον
672 1310 786 1376 λέοντος,
798 1312 974 1373 ἀναλαβόντος
992 1310 1020 1364 δὲ
1038 1311 1075 1366 είς
1090 1311 1136 1366 τὰς
1147 1314 1237 1381 χεῖρας
1249 1312 1385 1380 ἐκδραμεῖν
1397 1311 1422 1364 έκ

266 1385 312 1449 τῆς
323 1382 388 1449 ὕλης
399 1382 445 1450 τήν
456 1380 562 1452 μητέρα,
575 1383 616 1436 καὶ
627 1385 835 1450 προσπεσοῦσαν
846 1379 987 1474 ἀναρήόήξαι
999 1381 1031 1435 τὰ
1044 1381 1138 1450 στέρνα
1150 1386 1198 1436 τοῦ
1210 1384 1353 1450 Φαλαίκου,
1366 1383 1422 1437 τοὺς

267 1452 291 1507 δ’
308 1451 501 1524 Ἀμβρακιώτας
518 1453 679 1522 ἐκφυγόντας
695 1452 742 1520 τήν
763 1451 882 1510 δουλείαν
913 1460 1024 1521 Αρτεμιν
1041 1449 1186 1523 Ἡγεμόνην
1208 1453 1365 1520 ἱλάσασθαι,
1384 1455 1422 1506 καὶ

266 1523 456 1592 ποιησαμένους
467 1523 607 1594 ἀγροτέρης
619 1520 728 1588 εἴκασμα
739 1521 960 1593 παραστήσασθαι
973 1524 1084 1592 χάλκεον
1096 1523 1164 1594 αὐτῷ
1174 1523 1252 1589 θήρα.
1286 1523 1422 1578 Aelianus

269 1597 308 1650 H.
321 1597 357 1649 A.
369 1595 416 1650 xii.
429 1610 465 1661 40
478 1595 616 1663 Phaylum
628 1593 765 1649 nominat.
858 1596 929 1649 503.
947 1596 1029 1655 Qui.
1044 1636 1051 1649 .
1065 1610 1141 1658 aper
1153 1593 1217 1648 talis
1231 1611 1309 1664 aper,
1324 1595 1422 1665 qualis.

269 1665 421 1721 Notandus
434 1664 480 1719 hic
492 1682 560 1720 usus
573 1664 691 1719 relatiui.
729 1664 777 1719 Sic
789 1681 845 1733 quo
857 1664 920 1718 orbe
934 1665 993 1733 588.
1061 1668 1263 1730 Lycurgiden
1275 1667 1422 1720 Ancaeum

267 1739 463 1806 Argonautam
474 1737 519 1789 τδν
531 1735 577 1803 μέν
588 1733 622 1804 ῥα
633 1734 717 1804 πατήρ
731 1738 876 1803 Λυκόοργος
888 1735 983 1802 ἔπεμπε
996 1735 1049 1804 Ap.
1061 1736 1094 1790 R.
1109 1734 1126 1790 i.
1141 1736 1203 1802 164:
1224 1737 1302 1806 Hyg.
1318 1751 1350 1802 14
1362 1736 1422 1789 An·

265 1824 348 1862 cacus
359 1808 487 1877 Lycurgi
487 1808 581 1877 filius,
594 1806 649 1859 alii
658 1810 784 1875 nepotem
795 1806 902 1872 dicunt,
919 1807 1056 1876 Tegeates,
1069 1806 1102 1859 cf.
1118 1807 1175 1873 138.
1210 1807 1290 1861 Grat.
1306 1809 1378 1875 Cyn.
1390 1807 1423 1861 66

256 1878 316 1948 flet
326 1877 419 1932 adbuc
432 1882 460 1931 et
472 1881 562 1947 porro
570 1876 655 1946 flebit
666 1876 783 1931 Adonin
802 1877 880 1930 Victa
898 1877 988 1929 Venus
1004 1877 1153 1945 ceciditque
1167 1877 1229 1929 suis
1241 1877 1376 1931 Ancaeus
1393 1879 1423 1931 in

268 1951 358 2002 armz's
375 1950 410 2002 Vt
416 1949 658 2018 praedentererat
667 1948 844 2016 geminisque
854 1947 996 2000 securibus
1007 1948 1113 2017 ingens.
1152 1946 1209 2000 Hic
1225 1963 1272 2017 ap.
1287 1947 1422 2002 Ouidium

270 2021 310 2074 M.
329 2019 384 2073 viii.
404 2034 452 2087 391
474 2019 632 2088 bibcnniser
647 2017 741 2071 Arcas
759 2016 857 2081 audit;
882 2033 899 2070 a
922 2016 1079 2085 Calydonio
1098 2034 1167 2086 apro
1186 2017 1353 2072 interfectus
1372 2028 1421 2073 est.

267 2091 446 2160 Lycurgiden
466 2098 477 2141 ῑ
498 2088 636 2158 producta
658 2087 778 2142 Ouidius
800 2086 947 2157 scripsisse
971 2098 1086 2156 propter
1109 2098 1260 2142 accentum
1281 2090 1422 2143 Graecum

268 2169 353 2213 Λυκου

263 2181 418 2301 ραναρίόις,
429 2229 531 2299 quibus
544 2229 756 2283 adcensendum
769 2239 812 2282 est
824 2228 981 2296 Coronides,
992 2228 1046 2282 nisi
1060 2229 1114 2282 hoc
1127 2246 1145 2283 a
1156 2230 1297 2283 Coroneus
1307 2231 1422 2285 ductum

268 2311 319 2354 est.
391 2303 511 2354 letauit.
550 2301 589 2354 M.
603 2298 658 2354 viii.
673 2314 727 2365 400
744 2300 866 2353 Summa
874 2300 961 2368 florus
974 2300 1103 2369 geminos
1120 2301 1227 2355 diremi
1244 2301 1286 2354 ad
1300 2303 1423 2372 inguina

266 2371 367 2425 dentes.
407 2370 535 2425 Concidit
550 2371 690 2437 Ancaeus,
704 2370 918 2439 glomerataque
937 2371 1077 2440 sanguine
1096 2371 1187 2424 multo
1210 2372 1323 2424 Viscera
1343 2373 1424 2442 lapsa

257 2442 370 2510 fluunt,
385 2441 593 2510 madefactaque
610 2447 688 2494 terra
704 2457 802 2494 cruore
815 2445 863 2495 est.
900 2441 1001 2493 Letare
1012 2440 1101 2495 rarius
1119 2440 1268 2509 inuenitur,
1284 2443 1326 2496 M.
1339 2442 1376 2496 iii.
1392 2454 1422 2511 55

267 2513 410 2581 letataque
420 2515 538 2581 corpora
550 2512 633 2566 uidit.
671 2511 827 2565 Pausanias
837 2510 894 2565 viii.
902 2523 935 2579 45
950 2510 1018 2564 dicit
1029 2513 1142 2580 Tegeae
1155 2511 1184 2565 in
1197 2511 1312 2580 fastigio
1325 2513 1422 2582 templi

268 2584 397 2637 Athones
409 2583 498 2637 Aleae
516 2582 686 2651 insculptam
703 2581 790 2636 fuisse
807 2581 988 2636 uenationem
1007 2581 1175 2651 Calydonii3
1198 2583 1226 2636 in
1245 2582 1290 2636 his
1303 2581 1424 2652 Ἀγκαῖον

268 2654 362 2723 ἔχοντα
374 2653 420 2720 ἤδη
433 2650 564 2721 τραύματα
576 2653 617 2704 καὶ
629 2650 728 2722 ἀφέντα
740 2654 785 2706 τδν
797 2653 907 2706 πελεκυν
918 2651 1017 2721 ἀνέχων
1028 2652 1101 2706 ε’στιν
1107 2650 1234 2721 Ἔποχος.
1310 2658 1424 2708 arbore

267 2730 379 2778 natum
390 2723 513 2791 Adonin,
525 2722 612 2776 filium
626 2723 763 2790 Smyrnae
777 2740 849 2793 quae
859 2727 944 2792 patre
955 2723 1089 2776 nesct‘ente
1099 2726 1156 2793 per
1166 2725 1304 2777 nutricem
1317 2741 1382 2779 cum
1394 2741 1424 2778 eo

268 2795 421 2862 concubuit,
431 2811 529 2864 exquo
538 2795 678 2863 concepit,·
690 2794 774 2862 idque
782 2810 817 2846 ne
824 2794 1014 2863 palamfieret
1021 2794 1132 2863 pudore
1139 2795 1289 2848 stimulata
1298 2796 1331 2847 in
1341 2796 1425 2849 siluis

267 2883 296 2919 se
308 2866 422 2919 abdidit.
459 2866 540 2920 cuius
557 2866 647 2918 Venus
659 2868 757 2933 postea
769 2866 884 2918 miserta
896 2869 974 2917 estet
985 2864 1017 2917 in
1029 2866 1144 2933 speciem
1156 2864 1266 2917 arboris
1278 2882 1341 2918 earn
1354 2883 1423 2920 com·

222 2945 228 2956 ’
268 2938 401 3004 mutauit,
415 2937 489 2990 unde
499 2935 617 3005 myrrha
618 2935 701 3004 fluit,
713 2952 750 2988 ex
759 2952 817 3004 qua
828 2941 914 2988 natus
924 2939 966 2988 est
976 2934 1096 3003 Adonis,
1109 2936 1161 3004 qui
1173 2937 1276 2988 matris
1285 2939 1395 3005 poenas
1406 2955 1425 2990 a

273 3009 374 3062 Venere
385 3012 427 3060 est
437 3009 578 3060 insecutus
592 3007 667 3075 Hyg.
682 3006 722 3074 58.
761 3005 834 3059 Bion
848 3005 911 3059 Eid.
925 3004 942 3058 i.
957 3017 972 3070 7
987 3007 1073 3058 Κεῐται
1087 3005 1164 3059 καλὸς
1175 3003 1288 3060 Ἄδωνις
1304 3006 1333 3059 ἐν
1345 3006 1424 3076 ὤρεσι

268 3080 350 3148 μηρόν
361 3078 457 3140 ὀδόντι,
470 3081 557 3158 Λευκήν
573 3081 653 3146 μηρὸν
665 3076 752 3130 ὀδόντι
767 3073 860 3130 τυπείς.
932 3078 1004 3130 504.
1022 3078 1157 3130 ldmona
1168 3092 1233 3129 cum
1245 3077 1381 3132 Adonide
1396 3088 1424 3132 et

268 3151 386 3203 Ancaeo
398 3157 527 3202 recenset
544 3157 616 3201 mter
634 3163 684 3202 eos
703 3145 750 3216 qui
769 3147 806 3200 ab
824 3162 892 3215 apro
905 3146 1031 3215 percussi
1044 3145 1207 3200 interierunt
1222 3147 1356 3215 Hyginus
1372 3149 1423 3214 248

267 3221 368 3274 Idmon
381 3219 529 3289 Apollinis
538 3220 623 3288 filius
641 3219 694 3286 qui
708 3223 925 3270 stramentatum
942 3218 1051 3270 exierat
1067 3233 1130 3271 cum
1146 3217 1329 3287 Argonautis
1346 3219 1428 3288 apud

269 3291 375 3359 Lycum
387 3288 488 3361 regem.
524 3291 612 3342 Vates
624 3287 676 3342 fuit
685 3289 920 3356 Argonautarum,
929 3285 1106 3354 μαντοσύνῃσι
1119 3286 1273 3355 κεκασμένος
1285 3290 1339 3357 Ap.
1350 3291 1383 3342 R.
1396 3288 1424 3343 ii.

270 3361 330 3428 818,
340 3362 485 3430 fatumque
498 3359 552 3414 sibi
565 3360 622 3413 iam
635 3369 701 3413 ante
714 3368 895 3428 prospexerat
910 3356 973 3427 (Ap.
986 3358 1020 3412 R.
1029 3357 1045 3412 i.
1060 3372 1110 3423 140
1122 3357 1218 3412 δεδαὼς
1230 3359 1275 3411 τὸν
1287 3359 1331 3411 ἑὸν
1343 3361 1425 3428 μόρον

269 3429 477 3485 οἰωνοῖσινἭιε.
501 3433 576 3499 Hyg.
588 3445 619 3496 14
629 3431 769 3500 Quamuis
777 3428 1001 3498 praedicentibus
1009 3428 1110 3481 auibus
1123 3434 1239 3482 mortem
1250 3428 1308 3481 sibi
1316 3431 1424 3483 denun-

268 3503 342 3556 tiari
358 3503 505 3568 intellexit,
515 3502 611 3570 fatali
629 3507 723 3554 tamen
745 3501 864 3553 militiae
885 3516 941 3552 non
961 3499 1059 3568 defuit.
1100 3499 1161 3552 Val.
1184 3500 1215 3553 F.
1235 3498 1253 3552 i.
1273 3499 1328 3567 360
1347 3501 1426 3554 adest

269 3573 402 3640 quamuis
413 3572 571 3625 arcentibus
581 3571 682 3625 ldmon
691 3570 839 3634 Alitibus,·
853 3571 904 3623 sed
912 3573 995 3640 turpe
1007 3570 1071 3622 uiro
1083 3570 1212 3622 timuisse
1213 3570 1336 3638 futura)
1348 3571 1425 3626 unde

270 3645 374 3695 audax
386 3641 433 3695 hic
445 3641 554 3695 dicitur.
593 3643 717 3696 Mortem
730 3641 790 3695 eius
803 3640 839 3695 ab
859 3657 928 3709 apro
945 3639 1021 3708 apud
1036 3639 1241 3707 Mariandynos
1258 3651 1356 3695 narrat
1368 3643 1395 3694 A
1416 3683 1423 3696 .

271 3713 306 3766 R.
319 3710 345 3765 ii.
361 3711 490 3779 817-836.
527 3711 617 3765 Aliter
629 3712 690 3765 Val.
705 3713 737 3766 F.
751 3730 776 3766 v.
790 3726 815 3779 2,
828 3725 853 3779 3,
868 3712 932 3765 Seu.
948 3710 1025 3764 Med.
1038 3710 1099 3779 652,
1110 3725 1135 3778 3.
1170 3716 1300 3774 rumpat
1318 3659 1425 3766 ‘rendi'

269 3784 334 3836 Am.
354 3781 392 3835 iii.
411 3797 437 3850 9.
455 3782 486 3835 16
504 3781 540 3835 de
558 3781 691 3836 Adonide
712 3783 804 3852 Quam
822 3783 924 3835 iuueni
939 3782 1021 3850 rupit
1037 3797 1100 3835 cum
1116 3781 1202 3850 ferus
1219 3782 1327 3850 inguen
1345 3787 1424 3852 aper.

270 3853 419 3906 Turnebus
439 3852 557 3907 Aduers.
579 3852 649 3906 xxiv.
670 3868 701 3906 21
724 3862 870 3921 comparat
886 3853 1035 3922 frangere,
1057 3861 1087 3905 ut
1108 3850 1136 3904 in
1160 3852 1230 3906 Hor.
1250 3852 1281 3906 C.
1299 3851 1317 3907 i.
1332 3868 1375 3921 23.
1392 3869 1425 3907 1o

269 3925 338 3978 Non
350 3941 399 3995 ego
411 3929 438 3977 tc
448 3925 535 3993 tigris
547 3929 580 3977 ut
591 3927 691 3993 aspera
705 3924 877 3977 Gaetulusue
887 3924 929 3976 leo
932 3924 1072 3993 frangere
1081 3926 1240 3991 persequor.
1352 3926 1424 3978 505.

270 3999 365 4059 Isque
384 4011 452 4064 aper
469 3998 522 4049 uel
539 3998 694 4049 exanimis
706 3993 793 4048 etiam
805 4003 932 4047 mortuus
944 3995 1041 4048 metat
1057 3996 1119 4047 tibi
1136 3995 1255 4046 uulnus
1268 3992 1424 4049 incidendo

270 4066 299 4120 in
313 4076 397 4136 caput
411 4072 447 4120 ut
458 4069 506 4120 1111
518 4064 624 4120 factum
637 4076 680 4120 est
693 4066 793 4120 uulnus
808 4064 931 4134 (Drager
943 4063 961 4118 i.
973 4082 1020 4134 pp.
1031 4079 1092 4132 203,
1106 4063 1179 4132 204).
1258 4067 1331 4120 506.
1351 4068 1424 4122 Ora.

271 4137 356 4192 Diod.
378 4137 413 4192 iv.
437 4152 470 4191 22
495 4135 628 4192 Ἐντεῦθεν
652 4136 680 4190 δέ
704 4133 841 4202 ἀναζεύξας
865 4134 1006 4204 κατήντησε
1030 4137 1075 4203 τῆς
1099 4132 1313 4188 Ποσειδωνιατῶν
1336 4138 1425 4206 χώρας

269 4211 334 4278 πρός
351 4230 408 4262 τινα
423 4208 527 4278 πέτραν,
539 4209 604 4277 πρὸς
621 4203 638 4273 ᾖ
655 4206 849 4277 μυθολογοῦσιν
864 4204 929 4259 ἴδιόν
947 4227 972 4260 τι
988 4204 1110 4275 γενέσθαι
1127 4205 1168 4258 καὶ
1179 4205 1336 4274 παράδοξον.
1373 4211 1426 4261 τῶν

269 4281 320 4350 γὰρ
332 4279 463 4349 ἐγχωρίων
475 4279 532 4333 τινὰ
544 4280 652 4348 κυνηγόν
664 4278 691 4331 έν
703 4280 756 4333 τοῖς
769 4277 833 4330 κατὰ
845 4276 891 4343 τήν
899 4275 979 4346 θήραν
991 4273 1203 4346 ἀνδραγαθήμασι
1213 4275 1425 4346 διωνομασμένον

270 4349 298 4404 έν
310 4350 357 4420 μὲν
370 4352 425 4404 τοῖς
441 4348 587 4419 ἔμπροσθεν
599 4351 702 4418 χρόνοις
719 4347 833 4402 εἰωθέναι
852 4352 902 4401 τῶν
913 4347 1066 4417 ληφθέντων
1082 4346 1177 4416 θηρίων
1193 4348 1240 4401 τὰς
1252 4348 1371 4417 κεφαλὰς
1382 4348 1426 4402 καὶ

270 4421 330 4476 τοὺς
347 4421 428 4475 πόδας
447 4419 590 4474 ἀνατιθέναι
609 4423 639 4487 τῇ
658 4417 789 4488 Ἀρτέμιδι
808 4420 849 4472 καί
869 4420 1021 4489 προσηλοῦν
1038 4420 1092 4473 τοῖς
1103 4417 1238 4486 δένδρεσι·
1257 4420 1317 4472 τότε
1337 4418 1359 4471 δ’
1379 4417 1426 4472 οὖν

271 4491 389 4560 ὑπερφυῆ
414 4491 510 4560 κόπρον
528 4491 725 4561 χειρωσάμενον·
740 4491 781 4544 καί
799 4491 845 4558 τῆς
868 4489 928 4544 θεοῦ
952 4487 1193 4560 καταφρονήσαντα,
1210 4487 1291 4544 εἰπεῖν
1314 4487 1355 4544 ὅτι
1378 4489 1425 4557 τήν

389 2159 414 2212 lb
431 2181 444 2214 ς
462 2158 574 2214 uidetur
593 2158 683 2212 Birtio
705 2158 741 2212 de
762 2157 930 2212 Halieuticis
950 2175 977 2226 p.
998 2158 1056 2225 116,
1076 2157 1124 2228 qui
1147 2168 1293 2227 comparat
1313 2161 1423 2214 Belides
1508 2182 1509 2186 ¹
