3038 4988
181 378 237 433 142
558 429 559 432 ,
583 372 929 443 COMMENTARIVS.

179 534 313 602 Steropes
321 531 474 586 Atlantidis
483 531 548 599 lilio,
557 530 636 584 cuius
646 530 748 584 domus
758 531 874 586 fulmine
882 531 959 601 arsit,
967 533 1043 587 unde
1053 533 1186 587 Ceraunii
1200 534 1332 590 louisara⁴

179 604 208 658 in
220 603 353 673 Olympia
366 603 442 657 dicta
455 612 497 657 est
510 604 592 656 Paus.
601 620 626 655 v.
640 616 679 667 14.
689 614 705 668 7
716 602 853 669 (Alciatus
866 603 882 656 l.
893 601 937 670 c.).
998 607 1067 660 412.
1087 609 1144 669 qui
1156 609 1240 659 mals
1251 613 1331 661 rexit

178 692 275 740 equos
295 676 451 728 Phaethon.
465 674 536 728 Plat.
549 672 621 726 Tim.
637 687 670 726 22
685 673 732 727 Ὦς
748 694 810 726 ποτε
824 674 928 727 Φαέθων
939 671 1033 727 Ἠλίου
1050 676 1113 730 παῖς
1125 679 1155 729 τὸ
1174 681 1221 730 τοῦ
1239 681 1331 748 πατρὸς

177 748 246 816 άρμα
259 744 348 811 ζεύξας
360 745 402 798 διὰ
414 747 444 797 τὸ
456 744 490 814 μὴ
506 745 611 798 δυνατὸς
629 739 691 796 εἶναι
708 744 771 797 κατὰ
787 743 833 811 τὴν
844 748 891 798 τοῦ
902 746 998 810 πατρὸς
1010 745 1071 798 ὁδὸν
1083 745 1202 798 ἐλαύνειν
1213 749 1245 801 τά
1257 746 1279 802 τ’
1291 749 1330 802 ἐπὶ

177 820 224 887 γῆς
236 816 376 883 ξυνέκαυσε
389 816 428 867 καὶ
440 815 516 870 αὐτὸς
529 814 693 884 κεραυνωθεὶς
706 815 841 884 διεφθάρη.
905 819 944 871 47
945 820 973 869 3.
993 821 1141 872 Aeolides
1155 819 1328 873 Salmoneus

179 890 256 957 Hyg.
269 888 301 941 61
316 887 485 941 Salmoneus
501 886 588 940 Aeoli
593 886 680 956 silius
697 886 763 955 Sisy
782 885 816 939 lu’
822 888 923 956 frater
936 903 1000 941 cum
1017 890 1146 942 tonitrua
1164 896 1193 943 et
1201 890 1331 957 fulmina

178 961 344 1012 imitaretur
353 959 440 1025 lours,
454 958 550 1011 sedens
563 957 733 1026 quadrigam
763 974 822 1010 aces
834 958 962 1011 ardentes
973 960 1005 1011 in
1016 960 1159 1029 populum
1173 963 1296 1014 mitteret
1306 966 1332 1014 et

178 1032 260 1097 ciues,
274 1029 305 1082 ol
317 1029 351 1083 id
360 1047 378 1081 α
390 1029 458 1082 Ioue
460 1028 589 1098 fulmine
600 1033 641 1081 est
652 1030 732 1082 ictus.
769 1029 840 1082 Aen.
851 1027 886 1082 vi.
897 1030 929 1097 58
933 1041 1026 1097 5-594,
1040 1029 1103 1083 Val.
1118 1031 1159 1084 Fl.
1171 1030 1189 1085 i.
1200 1031 1330 1100 662-665.

179 1104 333 1166 sangiune
356 1106 452 1154 natus
475 1102 584 1166 eodem
608 1097 720 1152 uidetur
740 1115 804 1152 esse
825 1116 897 1152 unus
917 1118 951 1153 ex
971 1099 1034 1153 filiis
1057 1101 1207 1169 Lycaonis,
1227 1103 1272 1156 cui
1290 1104 1330 1156 ἐπὶ

178 1175 214 1242 τῷ
227 1172 295 1239 γένει
306 1171 382 1224 τάντι
394 1171 430 1240 τῷ
442 1170 532 1238 ἄρσενι
545 1169 659 1240 θυγάτηρ
671 1167 773 1238 ἐγένετο
786 1172 928 1223 Καλλιστώ
943 1169 1037 1238 (PaUS.
1051 1170 1108 1226 viii.
1122 1186 1147 1239 3.
1160 1172 1199 1239 6),
1212 1174 1330 1227 fortasse

179 1242 203 1296 is
223 1241 269 1312 qui
289 1251 356 1294 natu
373 1240 511 1294 maximus
528 1249 597 1306 erat,
612 1240 780 1294 Maenalus:
807 1240 890 1294 huius
909 1241 985 1294 enim
1003 1241 1122 1295 consilio
1136 1244 1280 1312 (Apollod.
1294 1244 1329 1298 iii.

179 1314 205 1367 8.
222 1328 243 1381 1,
257 1315 347 1367 Tzetz.
362 1312 428 1380 Lyc.
440 1311 504 1380 481)
526 1312 640 1379 Lycaon
659 1321 687 1364 et
702 1310 750 1364 filii
768 1311 864 1364 Iouem
881 1317 989 1366 tentare
1004 1312 1133 1367 uolentes
1148 1314 1252 1367 deusne
1265 1319 1331 1368 esset

178 1400 291 1438 caruem
314 1382 470 1436 humanam
493 1398 557 1436 cum
580 1386 670 1435 cetera
693 1398 777 1435 carne
796 1384 1030 1436 commiscuerunt
1048 1384 1134 1453 idque
1153 1387 1186 1437 in
1207 1387 1289 1454 epulo
1307 1388 1332 1438 ei

177 1458 378 1524 apposuerunt.
408 1455 461 1522 qui
466 1457 619 1522 postquam
630 1455 719 1506 sensit
733 1455 827 1507 iratus
844 1470 968 1507 mensam
981 1456 1090 1522 euertit,
1103 1456 1244 1524 Lycaonis
1251 1458 1330 1526 filios

169 1526 298 1596 fulmine
307 1525 425 1577 uecauit.
452 1540 483 1576 eo
493 1524 549 1576 loco
556 1526 656 1593 postea
664 1524 758 1577 Areas
765 1525 900 1605 oppedum
909 1527 1095 1579 communiuit
1101 1528 1180 1594 quod
1188 1531 1332 1596 Τραπεζοῦς

179 1599 352 1650 nominatur.
374 1597 449 1663 Hyg.
466 1594 523 1660 176.
562 1594 671 1662 Quibus
684 1612 718 1647 ex
731 1596 824 1648 uerbis
840 1595 946 1662 Hygini
960 1607 1077 1664 apparet
1094 1612 1144 1650 cur
1155 1608 1243 1666 poeta
1255 1616 1331 1652 men·

179 1667 286 1721 tionem
309 1665 441 1720 Callistus
462 1663 602 1718 iniecerit:
632 1665 749 1719 Callisto
771 1665 847 1719 enim
867 1675 958 1720 mater
975 1667 1105 1735 ArcadiS,
1124 1668 1172 1738 qui
1196 1686 1212 1722 0
1234 1669 1330 1738 pidum

179 1740 357 1806 Trapezunta
369 1736 398 1789 in
407 1744 622 1789 monumentum
632 1735 699 1789 auiti
709 1735 842 1790 facinoris
855 1736 997 1791 exstruxit.
1025 1737 1098 1791 Vide
1109 1748 1207 1793 tamen
1214 1686 1331 1794 Scholia

178 1818 206 1862 et
220 1824 293 1878 quae
306 1807 344 1860 ibi
357 1805 501 1861 adnotaui.
575 1809 645 1861 414.
662 1810 792 1870 liquidis
804 1824 883 1871 quas
895 1814 980 1862 caret
991 1811 1106 1863 Arctos
1118 1814 1218 1873 aquis.
1257 1813 1331 1880 Hyg.

181 1892 229 1946 177
245 1878 363 1932 Callisto
374 1878 512 1944 Lycaonis
521 1877 590 1947 filia
609 1893 678 1931 ursa
695 1879 805 1931 dicitur
811 1879 895 1948 facta
912 1895 968 1932 esse
986 1880 1017 1932 ol
1032 1881 1108 1932 iram
1121 1882 1244 1934 Iunonis
1260 1882 1334 1952 quod

177 1967 241 2004 cum
260 1951 328 2003 Ioue
344 1949 497 2003 concubuit.
534 1949 635 2001 Postea
652 1951 732 2002 Iouis
749 1950 780 2001 in
798 1951 946 2003 stellarum
964 1966 1114 2003 numerum
1132 1954 1241 2020 retulit,
1263 1970 1332 2022 quae

179 2021 340 2090 Septentrio
363 2020 534 2089 appellatur,
559 2020 637 2088 quod
659 2021 774 2089 signum
798 2020 856 2074 loco
879 2037 936 2074 non
960 2027 1092 2075 mouetur
1113 2038 1203 2091 neque
1225 2025 1329 2077 occidit.

182 2091 284 2160 Tethys
306 2091 381 2145 enim
409 2090 512 2144 Oceani
534 2105 610 2142 uxor
631 2092 735 2144 nutrix
756 2091 877 2144 lunonis
895 2092 1027 2160 prohibet
1048 2109 1109 2145 eam
1134 2095 1166 2146 in
1192 2094 1331 2147 Oceanum

178 2163 306 2216 occidere.
390 2163 459 2226 475,
472 2164 498 2214 6.
520 2160 648 2214 Historia
670 2160 774 2230 ignota,
796 2179 849 2215 nec
871 2162 991 2216 multum
1012 2173 1129 2231 prosunt
1152 2164 1330 2231 scholiastae,

179 2231 309 2303 quamuis
335 2230 512 2285 Nicandrum
536 2230 728 2300 testificentur,
750 2232 782 2286 fr.
807 2233 856 2286 116
880 2232 925 2287 ed.
948 2234 983 2287 0.
1007 2233 1170 2288 Schneider.
1219 2236 1283 2288 Hos
1308 2235 1330 2288 si

178 2302 330 2373 sequimur,
352 2302 390 2356 ad
412 2301 563 2356 Telchinas
588 2302 660 2356 redit
684 2302 828 2356 narratio:
857 2304 907 2357 sed
932 2303 1002 2357 nihil
1024 2305 1060 2358 de
1086 2306 1238 2360 Macelone
1264 2306 1331 2359 dicit

181 2373 339 2427 Lobeckius
360 2372 389 2426 in
411 2372 445 2426 iis
465 2389 537 2442 quae
556 2372 592 2426 de
611 2372 794 2428 Telchinibus
816 2373 927 2442 scripsit
946 2376 1086 2444 Aglaoph.
1104 2391 1149 2444 pp.
1174 2377 1238 2430 1181
1261 2394 1330 2446 sqq,

178 2461 271 2514 neque
289 2461 306 2497 a
320 2442 440 2497 Scholiis
453 2443 628 2512 probabilem
641 2443 789 2498 historiam
806 2445 912 2499 elicias.
950 2447 995 2500 Ne
1009 2445 1077 2499 illud
1090 2446 1206 2526 quidem
1220 2457 1331 2502 constat

177 2515 297 2569 fueritne
310 2531 408 2567 uerum
420 2531 524 2567 nomen
537 2514 661 2568 mulieris
671 2516 797 2569 Macelo:
810 2532 983 2586 quamquam
995 2516 1072 2570 enim
1084 2533 1125 2570 εις
1138 2516 1276 2586 scriptum
1289 2529 1331 2572 est

178 2585 207 2640 in
222 2587 248 2640 G
261 2587 295 2650 T,
308 2583 394 2638 ceteri
406 2586 524 2638 Macedo
536 2585 678 2653 exhibent,
691 2597 719 2640 et
735 2587 827 2639 iactus
843 2588 888 2640 uel
901 2590 979 2655 ictus,
993 2604 1050 2640 non
1063 2589 1119 2641 icta
1131 2596 1177 2642 est.
1218 2589 1330 2642 Putauit

142 2659 144 2663 '
180 2658 359 2709 Burmannus
377 2655 415 2709 ad
435 2655 573 2723 Lycaonis
592 2655 708 2724 stirpem
730 2656 817 2710 etiam
839 2658 1028 2712 Macedonem
1046 2658 1240 2712 reuocandum
1259 2677 1330 2727 esse,

178 2737 264 2797 atque
289 2735 332 2780 est
352 2727 510 2779 Macednus
534 2725 606 2780 inter
631 2726 702 2780 filios
726 2727 864 2795 Lycaonis
889 2741 960 2798 quos
988 2738 1115 2782 recenset
1140 2730 1330 2798 Apollodorus

179 2797 251 2851 iii.8.
267 2812 287 2850 1.
326 2797 384 2850 Sed
397 2796 466 2850 nihil
480 2797 515 2851 de
532 2797 587 2851 hoc
606 2814 670 2851 cum
687 2797 806 2865 coniuge
826 2800 974 2852 combusto
992 2799 1107 2853 inueni:
1126 2817 1220 2869 neque
1234 2800 1329 2855 Ouidii

178 2868 266 2922 uerba
285 2867 423 2921 illustrant
443 2884 514 2938 quae
528 2868 564 2921 de
583 2868 696 2922 alterius
717 2868 864 2937 LycaoniS,
883 2869 957 2940 regis
977 2870 1137 2938 Emathiae,
1156 2871 1214 2924 filio
1235 2874 1330 2925 Mace-

179 2940 254 2994 done
275 2938 389 2993 tradunt
410 2938 545 2992 Aelianus
569 2940 605 2992 H.
627 2940 659 3010 A.
680 2957 705 2993 x.
718 2941 761 3005 48,
782 2941 878 3008 Steph.
899 2942 932 2994 B.
951 2958 1008 2994 s.u.
1021 2938 1152 3006 Ὥρωπος.
1190 2943 1261 2996 Erat
1283 2941 1330 2995 ubi

178 3010 323 3065 crederem
338 3010 483 3078 Orpheum
496 3008 694 3077 significatum.
730 3011 807 3063 Nam
821 3011 952 3079 Orpheus
967 3011 1155 3066 Macedoniae
1168 3030 1217 3066 rex
1230 3012 1331 3066 dicitur

179 3098 197 3135 a
218 3082 334 3135 Conone
352 3093 386 3149 45
406 3090 433 3135 et
452 3097 470 3134 a
489 3079 659 3149 quibusdam
676 3080 818 3135 ferebatur
839 3081 955 3136 fulmine
976 3082 1101 3151 periisse.
1140 3080 1222 3136 Paus.
1243 3083 1279 3138 ix.
1297 3098 1332 3150 30

178 3152 239 3206 Εἰσὶ
261 3153 289 3205 δέ
311 3149 337 3205 οἵ
356 3156 424 3220 φασι
445 3151 624 3220 κεραυνωθέντι
645 3151 695 3204 ὑπὸ
713 3155 760 3204 τοῦ
782 3153 842 3206 θεοῦ
867 3154 995 3219 συμβῆναι
1020 3155 1066 3221 τὴν
1085 3153 1208 3219 τελευτὴν
1228 3154 1329 3225 ’Oppi'

177 3223 364 3292 κεραυνωθῆναι
385 3222 414 3275 δι’
435 3221 513 3276 αὐτὸν
531 3226 582 3275 τῶν
602 3223 689 3293 λόγων
709 3219 782 3274 ἕνεκα
800 3223 835 3275 ὧν
854 3223 990 3277 ἐδίδασκεν
1010 3225 1039 3278 έν
1057 3227 1111 3279 τοῖς
1129 3225 1281 3293 μυστηρίοις
1301 3225 1330 3278 οὗ

177 3296 304 3363 πρότερον
324 3293 464 3360 ἀκηκοότας
481 3291 638 3362 ἀνθρώπους.
668 3289 780 3348 ‘Ailou
794 3294 823 3346 δέ
838 3294 1022 3364 προειρημένον
1038 3295 1110 3349 ἐστὶν
1128 3296 1162 3350 ὧς
1179 3297 1330 3364 προαποθα-

177 3363 272 3428 νούσης
293 3365 318 3416 oi
334 3365 379 3431 τῆς
396 3364 514 3434 γυναικὸς
531 3363 573 3416 ε’σὶ
591 3364 621 3417 τὸ
632 3361 747 3431 *Αορνον
765 3362 796 3416 δι’
810 3364 887 3431 αὐτὴν
904 3366 934 3417 τὸ
952 3364 980 3417 ἐν
991 3365 1022 3433 τῇ
1035 3366 1200 3432 θεσπρωτίδι
1213 3366 1329 3435 ἀφίκετο.

176 3436 264 3488 Anth.
279 3437 310 3488 P.
322 3434 367 3488 vii.
382 3435 433 3501 617
448 3432 545 3502 θρήϊκα
562 3432 730 3503 χρυσολύρην
746 3433 802 3502 τῇδ’
815 3432 915 3504 Ὀρφέα
933 3440 1039 3490 Μοῦσαι
1056 3437 1168 3504 ἔθαψαν,
1178 3434 1231 3489 Ὃν
1243 3438 1332 3491 κτάνεν

176 3505 313 3573 ὑψιμέδων
331 3505 392 3559 Ζεὺς
409 3506 537 3574 ψολόεντι
554 3503 636 3570 βέλει,
655 3505 732 3575 quod
753 3506 791 3560 ad
809 3523 834 3560 u.
857 3519 911 3572 470
929 3506 996 3561 citat
1018 3509 1156 3562 Zarottus.
1190 3509 1331 3562 Macedon

177 3591 228 3644 pro
242 3576 293 3628 uir
301 3576 440 3629 Macedon
452 3574 543 3644 potuit
555 3575 597 3629 sic
609 3572 665 3629 dici
678 3587 708 3630 ut
721 3593 739 3630 a
753 3577 867 3630 Lucano
880 3576 936 3631 viii.
949 3577 1002 3645 694
1013 3580 1153 3632 Macedon
1169 3579 1332 3633 Alexander

179 3647 303 3714 Magnus
313 3655 430 3699 uocatus
440 3655 492 3700 est.
519 3646 675 3715 Coniugem
683 3664 748 3701 cum
757 3649 873 3716 Orpheo
883 3647 947 3702 ideo
958 3649 1048 3718 fingas
1059 3659 1243 3718 peremptam,
1253 3650 1331 3719 quod

177 3715 312 3784 mysteria
329 3732 393 3769 cum
410 3732 445 3785 eo
464 3715 546 3770 simul
562 3716 756 3786 diuulgauerit.
795 3718 879 3787 Quod
892 3718 915 3772 si
929 3720 1016 3773 uoluit
1029 3730 1122 3789 poeta,
1136 3719 1207 3773 duos
1222 3720 1330 3790 Orphei

176 3786 300 3855 nomine,
309 3785 431 3855 priorem
440 3786 544 3856 Oeagri
554 3787 641 3841 filium
651 3788 810 3857 Eurydicae
820 3788 952 3842 maritum
962 3789 1110 3860 (482,6oo),
1119 3789 1167 3859 qui
1177 3790 1331 3860 fuitrohhqi

176 3858 380 3928 προγενέστερος
397 3860 443 3909 τοῦ
461 3857 571 3927 ὑστέρου
591 3860 733 3927 (Eustath.
752 3860 789 3913 ad
810 3860 842 3913 Il.
862 3872 922 3928 359,
941 3861 975 3915 cf.
996 3861 1090 3915 Schol.
1109 3862 1164 3930 Ap.
1183 3863 1218 3915 R.
1237 3860 1253 3915 i.
1276 3862 1332 3930 23),

176 3930 296 3983 alterum
309 3929 383 3982 hunc
398 3928 596 3989 Macedonem,
611 3929 706 3984 finxit:
726 3930 803 4000 quod
816 3947 884 3984 sane
896 3947 954 3984 non
970 3941 1012 3984 est
1025 3931 1186 3986 uerisimile.
1226 3933 1332 3987 Melius

177 4001 296 4054 sortasse
309 3999 433 4054 conicias
448 4000 638 4054 Macedonem
648 4018 732 4070 quem
742 4003 836 4070 γηγενῆ
848 4002 987 4071 Scymnus
997 4002 1051 4069 630
1059 4003 1183 4072 appellat
1193 4003 1332 4085 additque

178 4070 379 4126 Macedoniam
388 4070 502 4139 rexisse,
508 4088 572 4125 cum
580 4071 681 4125 ceteris
690 4071 859 4140 Gigantibus
867 4072 973 4126 bellum
983 4072 1026 4127 dis
1037 4072 1204 4127 inferentem
1213 4074 1332 4128 lulmme

142 4182 149 4200 .
175 4159 341 4211 percussum
361 4141 465 4197 fuisse:
494 4151 569 4196 certe
590 4142 618 4195 in
640 4142 762 4211 Phlegra
783 4142 979 4211 Macedoniae,
999 4160 1072 4214 quae
1094 4153 1195 4213 postea
1215 4146 1332 4200 Pallene

175 4213 235 4282 luit,
258 4213 396 4282 Gigantas
417 4213 579 4267 fulminatos
601 4213 716 4268 tradunt
737 4215 868 4283 Apollod.
887 4213 906 4267 i.
924 4215 948 4268 6.
967 4229 1024 4283 1-3,
1045 4214 1125 4268 Pind.
1147 4217 1231 4270 Nem.
1253 4215 1270 4270 i.
1288 4217 1332 4286 67,
1391 4261 1395 4268 .

178 4285 242 4352 Lyc.
268 4298 324 4353 127,
347 4299 422 4352 1404,
445 4285 520 4352 1408,
542 4284 605 4338 Val.
628 4285 668 4338 Fl.
693 4283 722 4338 ii.
744 4285 775 4338 16
795 4302 856 4354 sqq.
893 4288 1014 4350 rapidis
1035 4287 1174 4340 fiammis
1193 4296 1224 4340 ut
1248 4288 1331 4342 Pont.

176 4354 210 4408 iv.
222 4355 245 4416 8.
257 4356 470 4425 29turaferam
482 4355 594 4424 rapidos
604 4356 752 4410 sollemnia
753 4357 887 4425 flammis
898 4357 957 4410 h.e.
971 4355 1099 4411 celeriter
1112 4356 1333 4438 corripientibus

175 4434 204 4478 et
225 4425 253 4478 ui
279 4443 331 4481 sua
354 4425 557 4480 haurientibus,
705 4429 773 4481 476.
792 4431 930 4482 uindiois
953 4429 1033 4492 igne.
1086 4428 1166 4481 Pont.
1188 4445 1226 4482 ιν.
1249 4430 1273 4483 8.
1300 4443 1334 4499 59

177 4496 317 4567 Gigantas
326 4498 379 4569 Ad
383 4498 474 4568 Styga
487 4497 633 4567 nimbifero
646 4496 792 4551 uindicis
806 4496 881 4566 igne
894 4500 982 4552 datos.
1042 4500 1109 4553 477.
1123 4502 1188 4554 illis
1201 4500 1333 4557 canibus
