3038 4988
514 391 861 453 COMMENTARIVS.
1206 396 1263 454 1-39

111 553 218 606 stem‘lis
230 567 283 619 ero,
295 550 439 605 eunuchus
453 560 480 605 et
494 549 627 619 ἡμίθηλυς.
654 553 715 605 Val.
727 555 803 607 Max.
811 552 857 606 vii.
868 565 891 618 7.
903 552 920 606 6
934 552 968 606 de
983 553 1074 606 Gallo.
1107 553 1263 606 Genucium

112 625 269 693 amputatis
277 624 424 691 suiipsius
433 626 529 691 sponte
537 623 711 693 genitalibus
720 626 845 693 corporis
852 625 985 692 partibus
997 641 1104 692 neque
1117 623 1262 677 uirorum

112 711 220 763 neque
241 693 415 746 mulierum
437 710 554 746 numero
572 693 671 747 baberi
686 695 779 747 debere
799 693 967 762 [Saluagn.]‚
986 693 1033 747 ubi
1053 695 1146 748 locum
1166 694 1261 748 Ouidii

112 766 231 818 sortasse
244 763 407 817 recordatus
420 774 470 818 est.
510 765 601 818 Gloss.
615 765 694 818 Bodl.
710 768 789 819 Auct.
804 768 836 820 T.
848 765 874 819 ii.
889 780 924 830 24
935 765 1141 834 Androgyneca
1152 764 1262 818 berma-

102 836 235 906 sroditus
246 835 297 888 boc
307 840 349 887 est
360 851 419 888 nec
433 834 483 888 uir
495 852 555 888 nec
568 835 694 890 mulier.
726 835 812 889 ‘That
826 837 894 890 thou
907 837 939 889 of
948 853 1014 889 man
1027 835 1068 903 (as
1079 835 1141 889 Atis
1155 835 1214 903 did)
1225 853 1262 890 ne

112 923 179 959 man
192 922 244 958 nor
256 905 342 973 mayd
355 915 447 973 mayst
460 906 560 959 stand:
573 906 639 959 And
652 907 713 960 that
726 907 794 960 thou
807 917 916 974 mayest
929 908 1007 960 learn
1020 916 1049 960 to
1062 907 1128 974 play
1138 923 1174 959 on
1185 906 1262 959 Tim-

111 977 213 1030 brelles
226 975 293 1029 with
306 977 356 1045 thy
368 976 463 1029 hand'
499 979 532 1031 T.
542 977 730 1031 Vnderdown.
835 981 905 1032 457.
923 994 1020 1042 penus
1032 979 1128 1035 leones
1141 977 1262 1030 famulos

114 1049 239 1115 Magnae
252 1046 357 1100 matris.
397 1047 473 1100 Hinc
486 1050 660 1115 ταυροκτόνων
672 1050 784 1100 λεόντων
795 1048 905 1118 ἔφεδρος
918 1048 1019 1102 dicitur
1032 1049 1075 1102 Ge
1090 1048 1176 1117 Soph.
1191 1047 1262 1102 Phil.

112 1132 172 1183 400.
210 1117 283 1171 Vide
301 1134 347 1170 me
366 1117 403 1170 ad
418 1117 557 1172 Cat..lxiii.
572 1118 613 1183 76.
685 1122 833 1183 parentis.
865 1121 935 1172 Aen.
949 1138 973 1172 x.
988 1118 1143 1186 252Alma
1155 1122 1263 1187 parens

111 1189 198 1242 Idaea
209 1188 299 1255 deum,
313 1190 361 1241 cui
370 1189 517 1254 Dindyma
528 1189 612 1243 cordi.
687 1193 758 1243 458.
775 1193 887 1244 Victor
901 1189 1105 1265 Hippomenes.
1177 1192 1263 1243 idota

111 1260 254 1314 Atalanta.
292 1261 366 1327 Hyg.
385 1260 431 1326 185
450 1260 538 1313 Hanc
556 1277 618 1312 cum
639 1261 671 1313 in
687 1262 817 1330 patriam
838 1261 949 1314 duceret
971 1259 1200 1329 (Hippomenes),
1220 1260 1263 1312 ob-

112 1331 182 1383 litus
198 1330 323 1400 bemficio
340 1330 452 1383 Veneris
464 1347 491 1383 se
504 1332 602 1384 uicisse
609 1337 708 1401 grates
719 1332 746 1384 ei
757 1349 813 1384 non
825 1333 890 1402 egit.
921 1333 998 1384 irata
1016 1332 1117 1384 Venere
1128 1333 1159 1399 in
1173 1336 1264 1383 monte

111 1401 242 1453 Parnaso
254 1417 317 1453 cum
329 1401 500 1471 sacm'ficaret
510 1401 578 1454 Ioui
593 1403 702 1469 uictori,
715 1403 869 1471 cupiditate
885 1404 1013 1455 incensus
1026 1419 1089 1455 cum
1102 1419 1134 1454 ea
1145 1402 1177 1454 in
1187 1401 1263 1470 fano

111 1471 263 1524 concubuit.
283 1472 489 1541 quosluppiter
496 1472 527 1524 ab
535 1472 680 1542 idsactum
688 1475 719 1526 in
729 1475 833 1526 leonem
842 1479 869 1526 et
876 1474 948 1526 leam
957 1474 1103 1540 conuertit,
1113 1472 1266 1540 quibusdii

112 1542 285 1595 concubitum
299 1542 411 1594 chris
418 1543 563 1612 denegant.
584 1544 664 1597 Idem
674 1543 852 1612 sacrilegium
862 1541 1018 1597 Comaetho
1027 1553 1054 1596 et
1067 1542 1262 1612 Melanippum

113 1611 142 1665 in
159 1613 265 1681 templo
280 1611 391 1666 Dianae
404 1613 557 1667 Triclariae
574 1613 674 1667 fecisse
691 1615 776 1668 tradit
795 1614 950 1668 Pausanias
967 1613 1012 1667 vii.
1030 1628 1069 1682 19.
1087 1627 1110 1666 2.
1183 1616 1262 1676 pede

59 1692 62 1696 “
113 1683 277 1736 struendum
297 1700 361 1736 cum
379 1687 482 1737 uictor
503 1688 649 1749 uictaque
672 1686 699 1739 h.
713 1700 737 1739 e.
758 1684 805 1754 qui
827 1685 894 1738 uicit
918 1685 1024 1753 pedum
1045 1681 1211 1753 pernicitate
1233 1693 1261 1737 et

113 1770 147 1807 ea
160 1771 245 1823 quam
259 1753 299 1806 sic
312 1753 387 1807 uicit.
451 1757 519 1808 459.
534 1756 645 1808 Eadem
659 1773 744 1824 supra
757 1768 816 1824 335,
827 1756 852 1810 6.
891 1758 963 1809 Rem
976 1765 1091 1808 narrant
1104 1753 1261 1808 Aeschines

113 1824 255 1884 Timarch.
270 1825 327 1892 182,
342 1824 510 1878 Heraclides
525 1825 658 1880 Ponticus
672 1829 762 1881 Πολιτ,
776 1828 809 1879 fr.
822 1841 846 1895 3,
861 1825 946 1880 Diod.
957 1825 1013 1880 viii.
1027 1840 1070 1893 24,
1083 1826 1209 1894 Apostol.
1225 1825 1260 1880 ix.

113 1908 138 1962 7,
151 1894 203 1948 xiv.
219 1910 258 1962 10,
275 1894 395 1964 Diogen.
410 1895 451 1950 iii.
465 1912 486 1964 1,
499 1898 598 1951 Arsen.
612 1897 682 1951 xxxi.
699 1909 739 1965 53,
756 1897 892 1951 Nicolaus
908 1899 1041 1950 Damasc.
1055 1897 1086 1949 fr.
1103 1908 1132 1964 51
1150 1896 1260 1963 Miiller,

114 1965 217 2019 Suidas
236 1982 257 2019 S.
268 1984 295 2019 u.
307 1964 460 2034 Ἱππομένης
478 1977 506 2020 et
523 1968 663 2037 adpinum.
701 1969 794 2023 Schol.
811 1967 944 2022 Aeschin.
961 1966 1104 2020 Timarch.
1120 1967 1169 2019 281
1189 1967 1261 2020 haec

113 2036 180 2090 dicit
192 2035 342 2103 Ἱππομένης
361 2036 410 2090 ἀπὸ
425 2037 527 2107 Κοδροῦ
544 2041 721 2108 καταγόμενος
736 2039 750 2105 ἡ
764 2039 792 2092 δὲ
808 2038 920 2109 θυγάτηρ
934 2039 1063 2106 Λειρωνίς·
1082 2034 1148 2088 οὕτω
1162 2037 1261 2089 Καλλί-

112 2129 203 2175 μοχος.
239 2111 373 2161 Limone
392 2106 433 2162 sic
455 2117 557 2162 uocata
578 2119 621 2163 est
643 2126 686 2179 ap.
709 2109 852 2164 Heraclid.
873 2111 954 2163 Pont.
973 2110 1004 2163 tr.
1025 2122 1059 2175 3:
1086 2106 1261 2161 Callimacho

114 2176 248 2232 Limonis,
319 2195 360 2232 ne
373 2183 507 2234 senserit
519 2197 584 2234 cum
596 2189 626 2233 tu
639 2190 703 2248 post
718 2198 783 2234 eam
800 2180 838 2234 sis
856 2179 931 2234 idem
948 2196 1089 2234 sensurus.
1164 2182 1260 2233 illam.

115 2251 148 2317 ln
161 2248 342 2318 prouerbium
355 2243 462 2303 abierat
475 2249 640 2319 Ἱππομένους
651 2250 836 2321 ἀσεβέστερος.
948 2253 1018 2304 460.
1038 2254 1147 2313 carpat
1165 2248 1260 2304 laniet.

112 2320 214 2373 Aesch.
229 2319 302 2374 Tim.
320 2321 367 2373 182
381 2319 457 2389 Ἀνὴρ
476 2319 511 2376 εἷς
529 2327 579 2374 τῶν
594 2323 708 2375 πολιτῶν
724 2321 804 2392 εὑρὼν
819 2321 865 2389 τὴν
882 2322 973 2376 ἑαυτοῦ
991 2320 1119 2389 θυγατέρα
1138 2320 1261 2389 διεφθαρ-

112 2390 189 2457 μένην
207 2390 247 2443 καί
265 2391 310 2457 τὴν
329 2388 427 2457 ἡλικίαν
445 2392 475 2444 οὗ
493 2393 576 2446 καλῶς
596 2388 796 2461 διαφυλάξασαν
813 2394 890 2463 μεχρὶ
908 2393 1000 2462 γάρου,
1018 2391 1262 2464 ἐγκατῳκοδόμησεν

112 2460 190 2528 αὐτὴν
213 2459 270 2529 μεθ’
293 2458 372 2516 ἵππου
397 2462 432 2517 εἷς
455 2463 550 2532 ἔρημον
574 2463 662 2530 οἰκίαν,
687 2460 733 2534 ὑφ’
758 2462 788 2516 οὗ
811 2464 947 2531 προδήλως
974 2464 1083 2527 ἔμελλεν
1106 2461 1262 2514 ἀπολεῖσθαι

74 2598 75 2601 ¹
113 2530 154 2583 διὰ
176 2533 253 2599 λιμὸν
274 2532 501 2603 συγκαθειργμένη.
642 2538 708 2588 461.
728 2537 942 2589 Cassandreus
966 2532 1092 2603 quisquis
1118 2542 1160 2586 est
1186 2530 1262 2585 idem

112 2601 224 2656 uidetur
236 2620 299 2656 esse
312 2602 359 2672 qui
368 2621 432 2656 cum
441 2603 602 2659 Alexandro
611 2606 800 2659 Pheraeorum
811 2615 930 2673 tyranno
943 2604 1151 2672 iungiturPont.
1161 2601 1186 2655 ii.
1197 2617 1262 2671 9.43

112 2674 180 2726 Nou
201 2674 255 2726 tibi
275 2674 464 2728 Cassandreus
483 2678 571 2744 pater
591 2681 633 2729 est
653 2678 781 2745 gentisne
801 2676 943 2728 Pheraeae
980 2676 1072 2744 Quinc
1094 2678 1262 2743 repertorem

105 2745 220 2815 ,torruit
236 2751 299 2798 arte
315 2763 374 2799 sua.
412 2745 569 2815 Vtrobique
583 2747 759 2800 Cassandrus
776 2745 804 2799 in
824 2746 938 2815 optimis
957 2745 1038 2799 codd.
1056 2745 1191 2813 scriptum
1210 2754 1262 2798 est.

114 2815 172 2868 Sed
192 2816 379 2882 CassandruS,
396 2833 569 2896 quamquam
588 2817 781 2870 crudelissime
800 2817 900 2870 saeuiit
917 2817 946 2870 in
966 2816 1081 2869 domum
1099 2814 1262 2883 Alexandri,

113 2886 221 2953 morbo,
231 2903 288 2939 non
299 2885 335 2954 ui,
346 2897 500 2940 exstinctus
508 2897 559 2954 est,
571 2887 688 2953 ἐπλήσθη
701 2890 751 2957 γὰρ
764 2888 853 2960 ὑδέρῳ,
864 2888 905 2940 καὶ
917 2887 960 2941 ἀπ’
969 2887 1046 2939 αὐτοῦ
1060 2887 1131 2951 ζῶντι
1144 2886 1262 2954 ἐγένοντο

113 2956 186 3009 εὐλαί
200 2955 293 3023 (Paus.
308 2957 341 3011 ix.
357 2970 381 3023 7.
396 2958 423 3024 2)
463 2957 598 3012 Heinsius
612 2959 649 3012 ad
664 2960 744 3012 Pont.
758 2957 784 3011 ii.
799 2973 823 3026 9.
836 2973 871 3025 43
886 2957 1077 3012 Cassandreus
1092 2965 1120 3010 et
1133 2955 1172 3009 ibi
1189 2965 1217 3009 et
1233 2955 1262 3008 in

113 3027 168 3094 hoc
183 3027 271 3080 Ibidis
288 3029 350 3082 loco
367 3028 442 3096 legit,
456 3029 532 3098 quod
548 3029 747 3098 interpretatur
763 3029 799 3082 de
814 3029 993 3097 Apollod0r0,
1007 3037 1127 3096 tyranno
1141 3028 1262 3080 Cassan-

114 3098 207 3166 dreae,
228 3098 274 3168 qui
294 3109 439 3169 tamquam
460 3099 669 3153 crudelissimus
689 3117 753 3153 cum
773 3099 922 3153 Phalaride
942 3108 969 3152 et
991 3097 1167 3165 Hieronymo
1186 3095 1262 3165 apud

114 3169 212 3237 Polyb.
230 3168 276 3223 vii.
296 3182 320 3237 7,
340 3187 404 3223 cum
425 3170 563 3239 Dionysio
584 3169 698 3224 Nabide
718 3171 855 3224 Clearcho
877 3187 922 3240 ap.
941 3168 1049 3223 Aelian.
1072 3169 1108 3221 H.
1126 3169 1159 3221 A.
1175 3185 1200 3220 v.
1223 3179 1262 3234 15,

113 3255 179 3291 cum
188 3240 337 3293 Phalaride
349 3259 393 3309 ap.
406 3241 545 3294 Senecam
559 3241 594 3295 de
607 3244 653 3295 Ira
666 3241 692 3296 ii.
705 3254 728 3310 5,
742 3242 778 3295 de
791 3241 887 3294 Benef.
902 3239 948 3294 vii.
962 3255 1001 3307 19,
1016 3239 1074 3293 Cic.
1086 3238 1121 3291 de
1133 3240 1160 3291 N
1163 3240 1213 3292 .D.
1224 3237 1260 3291 iii.

114 3323 155 3375 33.
170 3311 203 3363 82
222 3320 391 3364 numeratur.
432 3312 473 3366 Cs.
489 3313 621 3379 Polyaen.
634 3312 671 3366 vi.
684 3325 708 3380 7,
730 3312 814 3366 Diod.
828 3311 891 3366 xxii.
908 3324 930 3380 5,
950 3310 1022 3364 Plut.
1035 3309 1072 3363 de
1092 3310 1161 3362 Sera
1175 3309 1263 3361 Num.

113 3379 198 3434 Vind.
218 3380 244 3433 xi
268 3382 291 3433 οί
316 3380 519 3437 καταθύοντες
543 3382 720 3452 ἀνθρώπους
743 3383 786 3437 ε’πὶ
810 3385 942 3450 τυραννίσι
968 3382 1009 3433 καὶ
1034 3379 1209 3447 συνωμοσίαις
1229 3379 1263 3434 ὡς

114 3448 330 3519 Ἀπολλόδοροςι
366 3469 433 3506 nam
458 3453 647 3521 Apollodorus
678 3454 886 3508 firmamentum
914 3450 1070 3521 tyrannidis
1097 3449 1263 3504 Callimelen

114 3519 245 3574 iuuenem
264 3522 307 3575 dis
326 3522 485 3577 immolarat
504 3523 620 3594 eiusque
639 3524 756 3592 uiscera,
772 3524 854 3578 simul
874 3523 1040 3592 sanguinem
1059 3521 1126 3575 uino
1144 3520 1262 3574 mixtum

113 3591 324 3660 coniurantibus
334 3611 430 3650 secum
439 3594 625 3648 hauriendum
638 3595 785 3661 obtulerat,
796 3612 852 3664 quo
865 3595 955 3663 magis
969 3594 1022 3647 sibi
1033 3594 1104 3646 fidos
1114 3591 1263 3645 adtineret.

114 3665 328 3718 Cassandreus
338 3675 380 3718 est
394 3667 407 3715 ὁ
422 3666 615 3734 Κασσανδρεὺς,
626 3683 681 3736 quo
694 3665 808 3720 nomine
819 3665 930 3720 uidetur
942 3665 1034 3719 dictus
1048 3682 1065 3718 a
1076 3664 1218 3731 Polyaeno
1227 3661 1263 3716 vi.

114 3745 146 3798 7:
166 3734 200 3787 cf.
210 3735 271 3788 Ael.
284 3737 321 3788 H.
332 3737 366 3788 A.
378 3754 402 3788 v.
417 3747 446 3803 15
461 3736 505 3786 τὸν
520 3737 710 3805 Κασσανδρέων
722 3740 860 3804 λευστῆρα.
899 3736 956 3790 Hic
970 3753 1025 3806 qua
1038 3745 1128 3788 morte
1141 3733 1262 3803 perierit,

113 3820 171 3857 non
190 3815 320 3859 constat:
340 3823 407 3858 nam
425 3824 459 3859 ex
478 3806 619 3860 Plutarchi
635 3807 729 3862 uerbis
748 3810 793 3862 De
812 3809 882 3862 Sera
896 3809 982 3861 Num.
995 3806 1129 3860 Vindicta
1145 3823 1163 3857 x
1179 3806 1263 3872 φασὶν

113 3872 313 3944 Ἀπολλόδωρόν
324 3897 387 3928 ποτε
401 3878 463 3930 κατὰ
475 3877 534 3931 τοὺς
546 3875 640 3932 ὕπνους
651 3881 714 3946 ὁρᾲν
728 3879 895 3949 ἐκδερόμενον
912 3879 1001 3931 ἑαυτὸν
1019 3877 1068 3931 ὑπὸ
1084 3875 1193 3936 Σκυθῶν,
1209 3869 1263 3926 εἶτα

113 3944 298 4014 καθεψόμενον,
311 3946 357 4013 τὴν
369 3946 396 3998 δὲ
411 3947 515 4015 καρδίαν
527 3948 555 4000 ἐκ
567 3953 614 4001 τοῦ
626 3948 737 4015 λέβητος
749 3949 979 4019 ὑποφθεγγομένην
991 3947 1030 3999 καὶ
1043 3946 1180 4013 λέγουσαν·
1194 3943 1262 4011 Ἐγώ

113 4037 156 4068 σοι
167 4014 263 4070 τούτων
272 4016 347 4085 αἰτία,
355 4017 424 4070 nihil
435 4017 539 4086 elicias,
549 4036 614 4072 cum
626 4021 698 4073 haec
708 4020 743 4073 de
754 4019 865 4073 somnio
877 4029 987 4072 tantum
998 4017 1134 4071 dicantur.
1155 4013 1263 4069 Licebit

112 4095 209 4140 tamen
222 4104 335 4141 uersum
348 4098 375 4142 et
393 4088 428 4142 de
443 4090 605 4143 Ptolemaeo
620 4092 749 4144 Cerauno
764 4089 948 4158 interpretari.
987 4090 1063 4141 Nam
1081 4085 1127 4140 hic
1141 4087 1262 4139 Cassan·

15 4179 20 4196 .
113 4157 199 4211 dreae
212 4152 365 4212 dominus
378 4176 442 4212 cum
456 4160 521 4213 dolo
531 4161 621 4213 factus
632 4170 715 4227 esset,
725 4177 758 4214 ac
768 4160 871 4213 sororis
881 4158 1020 4213 Arsinoae
1031 4157 1102 4210 filios
1112 4159 1143 4210 iu
1151 4157 1263 4226 gremia

112 4229 174 4282 eius
197 4230 274 4282 inter
292 4231 355 4298 ipsa
375 4231 469 4284 oscula
487 4231 654 4284 trucidasset
675 4230 778 4300 (Justin
797 4230 869 4283 xxiv.
889 4229 926 4297 3),
943 4229 988 4282 dis
1005 4227 1203 4282 inmortalibus
1222 4232 1264 4280 tot

107 4301 242 4368 periuria
260 4306 287 4354 ct
303 4306 361 4353 tam
380 4308 495 4355 cruenta
509 4302 671 4371 parricidia
687 4301 897 4355 uindicantibus
915 4300 995 4352 breui
1006 4303 1073 4368 post
1090 4317 1108 4351 a
1122 4298 1215 4352 Gallis
1233 4297 1262 4350 in

112 4368 175 4422 acie
188 4371 286 4424 multis
298 4372 463 4425 uulneribus
478 4375 591 4425 saucius
607 4376 722 4441 capitur
734 4372 781 4441 (ib.
797 4370 832 4441 5).
870 4370 956 4425 Cuius
970 4369 1021 4424 etsi
1035 4373 1120 4440 caput
1132 4372 1262 4438 amputa-

112 4446 175 4493 tum
187 4447 215 4493 et
225 4442 321 4495 lancea
329 4444 426 4512 finum
441 4453 484 4496 est
498 4443 558 4511 (ib.)
573 4443 663 4511 potuit
676 4453 771 4496 tamen
789 4441 916 4496 saucium
933 4459 1034 4510 corpus
1052 4443 1161 4511 ingesta
1177 4439 1263 4493 humo

112 4514 313 4568 contumulari.
350 4516 388 4567 Et
405 4531 473 4568 sane
488 4515 588 4568 melius
602 4514 642 4568 sic
656 4513 757 4568 dicitur
770 4517 984 4569 Cassandreus
997 4513 1024 4568 h.
1035 4530 1059 4568 e.
1074 4513 1262 4577 Ptolemaeus,
