3082 4980
538 387 862 448 Pnomoorumn.
1179 389 1279 450 xxxva

123 565 185 607 non
197 556 295 607 tamen
306 546 363 607 hoc
374 555 486 604 tantum
501 566 537 606 ex
552 564 607 606 aue
622 546 776 607 deuouisse
792 547 844 606 sed
859 556 887 605 et
901 547 956 606 alia
970 548 1142 607 crediderim
1156 560 1278 626 propter
1301 619 1303 621 g

123 630 214 688 uerba
236 628 336 688 Ouidii
357 627 401 685 Et
418 628 516 702 quibus
537 627 634 708 (uotis)
655 630 777 687 uolucris
797 629 892 703 deuota
913 636 958 687 est.
1002 629 1087 689 Haec
1108 630 1187 688 enim
1208 640 1278 690 uota

124 729 185 769 non
200 711 231 768 in
246 728 337 768 unum
351 709 468 786 aliquid,
484 709 536 768 sed
555 712 586 767 in
604 711 696 769 multa
715 711 914 787 inprecaturus
933 719 1003 769 erat.
1044 710 1124 770 Nam
1145 711 1183 770 ad
1204 713 1276 770 iram

125 792 313 868 taediumque
328 791 517 863 mouendum,
533 793 595 868 ipsa
609 793 747 851 crebritas
762 793 893 863 accessit,
908 792 989 869 quod
1004 792 1065 850 ibin
1078 811 1183 852 necare
1197 794 1277 871 capi-

125 872 181 931 tale
196 873 250 932 fuit
264 872 388 951 (Herod.
404 873 432 931 ii.
449 875 497 946 65,
512 872 574 932 Cic.
589 873 626 932 de
640 873 679 932 N.
694 872 731 931 D.
748 874 766 931 i.
783 893 829 950 29.
845 872 914 952 82).

168 954 265 1013 Venio
283 955 322 1012 ad
339 953 516 1013 Naucratin:
546 972 616 1013 narn
641 964 671 1012 et
691 954 867 1031 Apollonius
890 954 1073 1015 Naucratites
1093 974 1111 1014 a
1128 955 1278 1015 nonnullis

128 1035 243 1094 habitus
257 1032 327 1106 est*
341 1045 370 1094 et
384 1054 421 1093 ex
436 1034 575 1094 Naucrati
589 1035 738 1112 profectus
754 1045 797 1096 est
812 1036 932 1096 Theuth
947 1037 994 1096 ille
1009 1037 1071 1096 siue
1085 1037 1214 1097 Hermes
1231 1038 1279 1097 cui

128 1117 187 1175 ibin
202 1117 328 1176 dicatam
342 1117 421 1175 idem
435 1117 518 1174 Plato
533 1117 649 1175 tradidit
660 1117 796 1195 (Phaedr.
808 1116 888 1196 274).
903 1119 1027 1174 Ἤκουσα
1040 1120 1124 1176 τοίνυν
1138 1122 1199 1192 περὶ
1209 1120 1278 1175 Ναύ-

127 1223 214 1272 κρατιν
227 1203 272 1270 τῆς
286 1199 415 1272 Αἰγύπτου
435 1199 556 1272 γενέσθαι
574 1205 625 1254 τῶν
638 1201 689 1255 ε’κεῖ
701 1203 817 1257 παλαιῶν
829 1224 884 1255 τινα
898 1203 970 1270 θεῶν,
985 1201 1016 1256 οὑ
1037 1204 1077 1256 καὶ
1097 1203 1127 1256 τὸ
1148 1201 1237 1275 ὄρνεον
1249 1204 1279 1256 τὸ

127 1283 194 1352 ίερόν
214 1280 228 1335 δ
250 1282 280 1350 δὴ
301 1284 426 1336 καλοῦσιν
440 1277 517 1344 Ἶβιν·
538 1282 607 1356 αὐτῷ
628 1281 656 1335 δὲ
677 1280 755 1350 ὄνομα
776 1285 812 1357 τῷ
834 1282 931 1353 δαίμονι
951 1278 1014 1336 εἶναι
1035 1283 1113 1357 eriri.
1147 1283 1279 1337 τοῦτονδέ

126 1368 228 1433 πρῶτον
241 1361 348 1434 ἀριθμόν
365 1384 394 1415 τε
416 1363 455 1416 καὶ
475 1363 604 1433 λογισμὸν
618 1363 700 1434 εὑρεῖν
713 1364 753 1417 καὶ
773 1360 928 1435 γεωμετρίαν
941 1364 982 1418 καὶ
1002 1363 1181 1438 ἀστρονομίαν,
1195 1365 1232 1419 ἔτι
1252 1364 1280 1422 δὲ

126 1445 242 1499 πεττειάς
255 1465 283 1497 τε
297 1443 337 1496 καὶ
351 1444 461 1512 κυβείας,
476 1444 516 1496 καὶ
530 1443 560 1512 δὴ
574 1445 615 1497 καὶ
626 1445 770 1515 γράμματα.

170 1522 288 1594 Quanta
302 1521 387 1579 fuerit
400 1522 474 1579 inter
492 1521 571 1580 hunc
586 1522 719 1581 Hermen
740 1532 768 1581 et
789 1522 848 1581 ibin
870 1523 1037 1582 coniunctio
1059 1522 1186 1583 declarat
1200 1523 1278 1583 Aeli-

129 1620 202 1661 anus
218 1602 258 1659 H.
275 1603 311 1660 A.
326 1621 355 1661 x.
373 1621 409 1678 29
425 1606 473 1658 Kal
490 1609 526 1679 τῷ
539 1604 619 1676 Ἑρμῇ
639 1605 669 1658 δέ
680 1608 750 1676 φασι
770 1609 806 1680 τῷ
825 1608 902 1678 πατρὶ
923 1611 973 1661 τῶν
986 1604 1073 1678 λόγων
1087 1609 1209 1679 φιλεῖται,
1224 1607 1280 1662 ε’πεὶ

128 1686 193 1740 ἔοικε
207 1687 237 1740 τὸ
252 1681 318 1741 εἶδος
332 1690 362 1754 τῇ
378 1685 460 1756 φὺσει
475 1690 519 1740 τοῦ
535 1684 624 1758 λόγου·
646 1688 678 1740 τὰ
690 1687 738 1756 μὲν
751 1687 802 1759 γὰρ
820 1687 917 1757 μελανα
938 1686 1070 1761 ὤκυπτέρα
1090 1691 1127 1762 τῷ
1147 1711 1176 1742 τε
1197 1710 1279 1760 σιγω-

128 1766 196 1842 μένιρ
215 1769 255 1822 καὶ
276 1768 347 1822 ἔνδον
366 1768 579 1841 ἐπιστρεφομένῳ
596 1766 669 1840 λόγῳ
688 1769 882 1840 παραβάλλοιτο
897 1769 935 1838 ἂν,
950 1769 983 1822 τὰ
997 1768 1024 1822 δὲ
1038 1769 1117 1822 λευκὰ
1130 1773 1166 1843 τῷ
1179 1771 1279 1841 προφε-

127 1847 226 1923 ρομένιρ
246 1870 274 1902 τε
296 1849 335 1903 καί
356 1849 499 1923 ἀκουομένιρ
519 1849 566 1917 ἤδη
587 1850 628 1903 καὶ
645 1849 755 1920 ὑπηρέτῃ
774 1853 819 1904 τοῦ
833 1850 905 1904 ἔνδον
919 1850 959 1904 καὶ
973 1849 1084 1924 ἀγγέλῳ,
1099 1851 1133 1906 ὣς
1147 1850 1178 1904 δν
1191 1848 1279 1908 ε’ίποις.

128 1927 252 2003 Fuitque
266 1928 346 1992 ibis†
361 1927 448 1987 huius
463 1928 508 1986 dei
523 1927 642 1986 Theuth
662 1928 785 2004 insigne,
800 1947 895 2005 neque
916 1931 955 1987 ita
976 1928 1072 1987 solum
1093 1938 1125 1987 ut
1146 1929 1191 1987 ille
1213 1948 1280 1988 curn

129 2009 223 2085 eapite
242 2009 327 2068 ibidis
348 2010 517 2086 pingeretur
534 2018 562 2067 et
583 2009 631 2068 dei
651 2027 761 2068 nomen
783 2011 837 2067 ibis
858 2011 889 2068 in
910 2009 991 2086 ligno
1009 2019 1090 2068 stans
1109 2028 1177 2068 cum
1195 2011 1280 2069 semi·

129 2091 236 2149 circulo
251 2101 279 2149 et
294 2091 406 2150 duabus
420 2090 502 2148 lineis
518 2090 699 2166 exprimeret,
714 2090 766 2149 sed
785 2100 817 2148 ut
836 2093 905 2150 anni
924 2091 1034 2168 primus
1053 2092 1163 2150 mensis
1178 2091 1280 2150 Thoth

128 2182 290 2244 uocaretur,
306 2171 464 2231 litterarum
478 2172 689 2248 Aegyptiarum
709 2172 803 2248 prima
823 2173 878 2230 ibis
900 2181 976 2232 esset
992 2171 1066 2250 (Cic.
1081 2172 1118 2231 de
1136 2172 1173 2230 N.
1189 2171 1227 2230 D.
1242 2173 1279 2230 iii.

132 2271 180 2313 ια.
197 2256 244 2327 56,
263 2253 335 2311 Plut.
351 2253 450 2330 Symp.
467 2252 504 2311 ix.
522 2271 547 2309 a.
565 2251 618 2331 ιγ*
662 2252 764 2328 Itaque
779 2253 963 2330 Hermopoli,
979 2272 1037 2330 qua
1054 2254 1084 2311 in
1105 2255 1175 2312 urbe
1197 2272 1281 2329 prae-

130 2335 215 2410 cipue
229 2334 348 2393 Theuth
366 2335 522 2405 colebatur,
537 2335 664 2409 porticus
679 2334 780 2410 templi
794 2335 874 2410 quod
894 2336 933 2393 ibi
953 2335 1114 2393 maximum
1128 2336 1282 2409 ῖβιιέφαλον

130 2415 218 2473 δουναι
232 2434 299 2475 cum
315 2416 428 2474 famulis
443 2416 519 2474 ibide
535 2424 563 2473 et
578 2415 663 2474 simio
677 2416 838 2492 insculptos
853 2417 987 2492 gerebat:
1006 2425 1035 2474 et
1048 2416 1114 2475 illuc
1130 2416 1281 2492 deportata

131 2515 196 2555 esse
211 2497 353 2556 cadauera
366 2498 465 2567 ibium,
481 2497 554 2554 sicut
568 2496 606 2555 ad
620 2496 696 2556 Buto
710 2497 888 2573 accipitrum,
900 2507 998 2555 narrat
1008 2497 1178 2557 Herodotus
1192 2498 1220 2556 ii.
1232 2499 1279 2571 67.

124 2577 219 2645 ἰβεωι
231 2579 365 2651 ‘appatuit
379 2579 485 2654 pinnas
499 2579 528 2636 in
543 2578 690 2653 magicum
706 2595 791 2637 usum
812 2578 930 2637 adhibet
951 2579 1074 2655 scriptor
1089 2597 1212 2638 arcanus
1233 2597 1281 2654 ap.

131 2657 255 2736 Parthey
271 2660 347 2718 Zwei
368 2660 583 2736 Zauberpapyri
602 2677 631 2734 p.
647 2673 721 2734 127:
745 2678 799 2718 nec
821 2661 934 2719 minore
956 2679 1025 2719 cura
1043 2660 1103 2718 ibin
1123 2660 1173 2736 qui
1188 2661 1281 2719 medi-

132 2741 215 2798 cinae
240 2741 394 2800 studebant
418 2758 507 2818 quam
533 2740 673 2812 Hermen,
699 2741 767 2799 artis
796 2741 857 2800 eius
882 2752 1032 2801 auctorem
1056 2759 1091 2800 ac
1116 2752 1279 2816 patronum,

132 2822 336 2881 obseruabant.
380 2822 438 2880 Sed
460 2831 488 2881 et
503 2822 605 2881 Lunae
626 2840 784 2881 commune
806 2822 857 2880 fuit
871 2823 1001 2881 Hermae
1023 2841 1090 2881 curn
1111 2822 1188 2881 ibide
1210 2842 1282 2882 con-

133 2903 264 2975 sortium,
287 2922 353 2962 cum
376 2902 530 2962 Plutarcho
552 2913 624 2962 teste
646 2904 683 2962 de
704 2904 743 2963 Is.
764 2912 793 2962 et
814 2903 890 2964 Osir.
914 2923 949 2976 41
976 2902 1103 2962 Hermes
1124 2905 1211 2963 lunae
1236 2905 1281 2962 in-

134 2983 231 3043 sidens
246 3003 314 3044 cum
330 3003 364 3043 ea
375 2985 525 3043 circuitum
536 2983 669 3058 §faceret
685 2983 814 3043 Hermae
828 2985 1022 3056 simulacrum,
1033 2995 1183 3060 tamquam
1194 2985 1280 3057 Luni,

131 3065 230 3124 lunula
244 3067 448 3136 comitaretur,
469 3066 524 3124 ibis
538 3075 635 3123 autern
655 3084 723 3124 cum
741 3066 828 3124 lunae
847 3067 967 3125 nomine
982 3064 1052 3124 Hah
1067 3066 1127 3131 siue
1142 3066 1197 3124 Ioh
1212 3085 1282 3125 con-

132 3148 231 3206 iuncta
245 3148 402 3224 reperiatur
413 3146 589 3227 (Wilkinson
601 3147 637 3204 iii.
652 3166 681 3223 p.
695 3145 774 3225 165),
786 3155 815 3204 et
825 3146 924 3206 lunam
939 3148 1103 3206 diuersitate
1118 3147 1281 3224 plumarum

166 3287 180 3320 *
196 3285 282 3333 Athen.
293 3284 347 3346 283·
375 3285 465 3346 Scripsit
477 3285 611 3345 Apollonius
623 3282 725 3331 libellum
737 3280 835 3332 Κτίσεις
845 3284 868 3331 in
881 3300 927 3345 quo
939 3284 1029 3330 urbium
1041 3285 1139 3348 origines
1151 3285 1283 3334 celebrauit.

132 3351 351 3398 Commemorantur
369 3349 517 3405 Alexandria,
533 3352 632 3408 Caunus,
650 3350 745 3404 Cnidus,
762 3351 883 3397 Naucratis
900 3350 1005 3410 (Clintou
1023 3351 1048 3397 F.
1066 3351 1097 3396 H.
1114 3352 1145 3400 iii.
1162 3365 1184 3410 p.
1205 3348 1281 3412 516);

132 3416 192 3462 uude
215 3432 290 3462 errore
312 3416 462 3463 Naucratiteu
488 3417 574 3463 dictum
595 3416 685 3476 putauit
707 3415 856 3462 Weichertus.
898 3416 942 3463 Sed
967 3430 1013 3462 nou
1038 3416 1106 3463 uideo
1131 3431 1171 3463 cur
1200 3416 1282 3464 eadem

132 3481 246 3528 dubitatio
266 3496 313 3528 non
331 3482 401 3528 etiam
420 3482 443 3528 in
463 3481 506 3529 hos
525 3482 659 3528 admittatur
676 3481 714 3541 qui
735 3495 788 3527 eum
805 3481 986 3528 Alexandrinum
1005 3491 1124 3541 uocarunt,
1141 3497 1193 3530 cum
1211 3483 1282 3530 etiarn

133 3543 315 3609 Ἀλεξανδρείας
326 3544 407 3594 κτίσιν
418 3548 537 3607 scripserit.
563 3548 624 3593 Vero
636 3547 730 3593 similius
742 3553 775 3592 est
791 3555 870 3594 natum
882 3547 1001 3602 Naucrati,
1009 3549 1117 3595 eductum
1129 3549 1284 3595 Alexandriae

133 3613 207 3661 fuisse.
230 3614 268 3659 Ab
279 3611 324 3658 hoc
335 3612 413 3659 libello
424 3612 542 3673 Apollonii
554 3613 654 3672 suspicor
664 3612 775 3659 Ouidium
784 3613 893 3659 nonnulla
905 3615 1032 3674 sumpsisse,
1045 3614 1075 3662 cf.
1083 3625 1130 3677 539
1140 3615 1282 3661 Conditor

132 3687 157 3724 ut
169 3679 253 3725 tardae
264 3677 361 3724 Blaesus
373 3679 506 3742 cognomine
517 3679 597 3736 Cyrae.

164 3743 183 3801 †
200 3744 264 3790 Haec
276 3743 361 3803 sumpsi
378 3744 407 3790 de
423 3745 481 3791 libro
494 3743 631 3790 Wilkinsoni
643 3743 752 3790 Manners
767 3741 811 3788 and
827 3742 936 3789 Customs
953 3743 982 3789 of
994 3742 1035 3790 the
1047 3744 1147 3791 Ancient
1157 3744 1284 3808 Egyptians

132 3809 165 3855 iii.
183 3824 220 3869 pp.
236 3807 281 3870 165
294 3824 344 3869 sqq.
379 3809 416 3856 ef.
434 3809 545 3856 Kreuzeri
562 3807 682 3871 Symbolik
699 3809 722 3855 ii.
740 3823 778 3868 pp.
793 3820 837 3854 101
850 3822 901 3869 sqq.
938 3808 1039 3872 Sauignii
1056 3810 1159 3857 Histoire
1176 3811 1205 3856 de
1221 3809 1284 3858 l'lbis

162 3887 193 3922 .1
214 3873 228 3921 8
284 3909 291 3921 .

130 3889 180 4000 ppss
196 3889 352 4001 ὑίυὺὑίὺγαιρ.
364 3941 395 3988 ix.
409 3953 457 3988 aa
476 3937 560 4002 Ἐρμῆς
576 3937 677 4001 λέγεται
694 3937 753 3987 θεῶν
771 3938 797 3986 ir
814 3935 928 3998 Αἰγύπτῳ
944 3934 1074 3999 γράμματα
1089 3938 1181 4002 πρῶτος
1197 3939 1284 4001 εὑρεῖν.

132 4002 170 4052 διδ
187 4003 226 4051 καί
242 4002 273 4052 ad
289 4003 338 4052 τῶν
348 4001 496 4068 γραμμάτων
507 4002 633 4066 Αἰγύπτιοι
649 4003 744 4068 πρῶτον
754 4000 806 4056 ἶβιν
817 4000 958 4065 γράφουσιν,
970 4004 1000 4050 ὡς
1010 4001 1095 4063 Ἐρμεΐ
1107 4001 1284 4065 προσήκουσαν,

69 4080 72 4082 ’
132 4070 178 4118 οὐκ
199 4069 272 4132 ὀρθῶς
290 4071 353 4117 nord
372 4087 401 4133 γε
421 4069 467 4130 τὴν
485 4069 545 4131 ἐμὴν
562 4067 633 4130 δόξαν
649 4067 743 4130 ἀναύδῳ
762 4066 803 4115 καὶ
822 4066 940 4129 ἀφθόγγῳ
960 4067 1083 4131 προεδρίαν
1100 4068 1126 4116 ὲν
1144 4065 1285 4130 γράμμασιν

134 4133 271 4184 ἀποδόντες.
306 4137 404 4183 Constat
424 4137 572 4183 Plutarchum
593 4136 720 4182 litterarum
740 4135 908 4197 Aegyptiarum
927 4149 1049 4181 numerum
1062 4146 1091 4195 25
1109 4134 1195 4189 secisse,
1214 4135 1243 4180 Is.
1260 4143 1284 4182 et

135 4203 195 4249 Osir.
210 4201 249 4263 56,
268 4203 306 4248 sed
321 4202 404 4249 harum
418 4203 490 4262 prima
506 4209 584 4247 utrum
600 4201 622 4244 A
635 4200 711 4258 fuerit,
729 4214 776 4245 nou
792 4199 870 4258 liquet,
890 4199 1021 4264 praesertim
1037 4214 1090 4246 cum
1106 4214 1135 4246 ex
1150 4199 1286 4258 pulcerrima

136 4268 295 4314 dissertatione
312 4267 468 4314 Emmanuelis
485 4266 513 4312 de
533 4265 616 4327 Rougd
631 4264 760 4326 (Memoire
774 4278 812 4309 sur
826 4260 931 4326 l’origine
946 4265 1092 4326 Egyptienne
1110 4267 1137 4311 de
1153 4264 1285 4326 l’Alphabet

136 4332 270 4389 Phenicien,
289 4335 351 4380 Paris
366 4331 439 4396 1874)
459 4332 478 4377 B
497 4330 574 4390 potius
595 4344 635 4389 per
653 4330 704 4376 lbin
722 4328 850 4390 significata
869 4329 980 4377 uideatur.
1015 4330 1069 4377 Eius
1088 4330 1158 4378 libelli
1176 4332 1285 4380 notitiam

135 4408 255 4459 acceptam
267 4398 341 4446 resero
352 4399 402 4445 uiro
414 4397 562 4443 illustrissimo
575 4395 642 4442 Max.
654 4394 776 4442 Muellero.

172 4468 184 4522 ξ
203 4465 264 4511 Plut.
278 4465 307 4510 de
319 4465 348 4510 ls.
360 4472 383 4510 et
395 4462 455 4510 Osir.
469 4474 499 4523 41
514 4457 663 4523 ἐνιδρυμένον
674 4458 866 4522 συμπεριπολεῖν.
