3038 4988
269 390 326 446 158
670 380 1019 444 COMMENTARIVS.

267 543 303 598 ab
317 558 386 611 apro
399 556 507 596 caesus.
539 541 707 605 Sanguine.
733 537 805 592 Bion
819 536 895 607 Epit.
908 534 1028 607 Adont9
1037 537 1067 590 τὸ
1076 535 1106 590 δὲ
1118 536 1143 588 oi
1155 535 1239 605 μελαν
1252 533 1349 600 εἴβεται
1360 532 1415 626 οἶμα

266 613 373 668 Χιονέας
391 613 454 665 κατὰ
473 613 577 681 σαρκός.
613 610 648 676 64
667 609 784 679 Δάκρυον
800 612 817 661 ό
835 616 877 661 Πα
902 609 929 662 ίο
944 610 1046 661 τόσσον
1061 607 1123 677 χέει,
1136 603 1342 662 ὅσσονἌδωνις
1356 615 1417 676 Αιρο

267 685 331 755 χέει,
341 685 373 737 τά
383 683 410 736 δέ
419 684 502 737 πάντα
511 683 571 735 ποτί
579 680 653 750 χθονί
663 680 758 749 γίνεται
767 679 838 746 άνθη·
859 687 925 746 Αιμα
935 677 1014 747 ῥόδον
1020 677 1107 744 τίκτει,
1117 678 1149 731 τά
1159 677 1188 731 δὲ
1200 677 1300 746 δάκρυα
1311 679 1358 732 τὸν
1366 678 1416 731 ἀνε-

267 757 362 824 μώναν.
380 770 441 808 ouo
451 756 592 818 genitore
599 749 780 805 oreatus‘he
788 751 883 805 whose
891 749 1099 819 grandsirewas
1109 750 1158 804 the
1165 749 1260 803 father
1268 749 1331 803 that
1338 749 1417 818 begot

267 826 343 880 him.³
375 827 451 878 Nam
466 823 584 891 Cinyras
597 821 711 876 Adonin
724 839 758 875 ex
771 820 829 874 filia
841 838 892 875 sua
906 821 1024 889 Myrrha
1035 819 1203 889 procreauit.
1283 823 1354 874 566.
1371 823 1419 874 oui

268 913 326 950 sua
337 911 452 960 parens
466 894 584 962 Myrrha
593 891 653 947 siue
663 894 783 960 Smyrna
794 907 851 955 per
859 895 983 946 moinus
994 894 1078 944 fanto
1086 897 1135 945 est
1147 906 1246 955 soror,
1260 907 1326 944 cum
1339 891 1418 944 ambo

269 966 390 1034 Cinyrae
400 964 479 1018 liberi
489 974 592 1018 essent
650 966 718 1018 567.
736 965 792 1016 teli
804 978 911 1030 genus,
922 962 1036 1016 aculeus
1049 961 1176 1030 trygonis
1190 960 1314 1030 ‘prickly
1326 963 1419 1015 roach’

268 1054 324 1118 quo
337 1037 453 1104 Vlysses
467 1052 484 1089 a
497 1034 554 1088 filio
567 1050 619 1087 suo
635 1033 770 1104 Telegono
782 1034 944 1087 uulneratus
959 1042 1010 1087 est.
1048 1034 1094 1086 De
1112 1033 1168 1087 hoc
1184 1032 1323 1086 Aelianus
1338 1034 1375 1086 H.
1387 1034 1417 1086 Α

267 1107 293 1161 il.
304 1107 338 1175 36
348 1106 416 1160 dicit
426 1106 531 1175 κέντρον
541 1106 695 1168 πικρότατον
707 1105 748 1157 καὶ
760 1103 874 1156 κίνδυνον
886 1103 970 1171 φέρον
981 1103 1099 1156 ἁπάντων
1111 1105 1213 1171 μᾶλλον
1225 1101 1241 1169 ἡ
1253 1105 1357 1172 τρυγὼν
1368 1102 1382 1170 ἡ
1393 1103 1420 1155 ἐκ

266 1180 312 1243 τῆς
321 1177 459 1244 θαλάσσης
467 1177 531 1245 ἔχει.
569 1173 691 1228 Nicand.
700 1175 783 1229 Ther.
793 1174 844 1228 828
856 1176 967 1244 τρυγόνα
979 1173 1138 1242 ἀλοεργὸν,
1149 1174 1164 1226 8
1167 1188 1201 1241 34
1208 1173 1283 1241 ἀνδρὶ
1291 1173 1321 1226 δέ
1331 1175 1420 1239 σάρκες

268 1246 414 1316 Πυθόμεναι
430 1245 575 1315 μινύθουσι·
602 1247 682 1314 λόγος
702 1265 733 1314 γε
753 1246 800 1313 μέν
823 1243 992 1313 (Traditur)
1015 1245 1049 1298 ὥς
1069 1241 1126 1298 ποτ’
1144 1241 1293 1298 Ὀδυσσεὺς
1306 1240 1419 1312 ’Ἕφθιτο

267 1317 421 1388 λευγαλέοιο
441 1318 529 1371 τυπείς
548 1315 624 1369 ἁλίου
645 1315 694 1370 ὑπὸ
717 1316 831 1385 κέντρου.
878 1315 1036 1369 Historiam
1060 1324 1187 1368 narrarat
1210 1315 1370 1384 Sophocles
1392 1315 1419 1369 in

267 1386 395 1442 Ὀδυσσεῖ
423 1385 623 1457 Ἀκανθοπλῆγι,
650 1385 781 1455 tetigerat
808 1387 967 1453 Aeschylus
992 1385 1021 1439 in
1043 1387 1224 1455 Ψυχαγωγοῑς,
1253 1385 1419 1439 Parthenius

269 1461 348 1514 Erot.
359 1458 388 1512 iii
399 1458 507 1527 (Merry
517 1458 554 1512 ad
563 1457 617 1511 Od
630 1456 667 1512 xi.
680 1456 749 1525 134).
793 1459 864 1510 568.
876 1460 973 1511 Icarii
984 1472 1087 1522 gener.
1107 1456 1251 1525 Penelope
1261 1456 1321 1510 filia
1332 1456 1418 1511 lcari't

268 1532 358 1586 Tzetz.
371 1529 410 1584 ad
424 1531 491 1597 Lyc.
504 1542 556 1597 794
568 1525 731 1598 ‘Yrrtpyr'ypors
746 1526 919 1583 ὁὈδυσσεὺς
935 1526 1102 1595 ἐτελεύτησεν
1119 1526 1261 1596 ἀναιρεθείς
1279 1526 1330 1581 ὑπὸ
1342 1530 1419 1594 Τηλε-

267 1604 354 1672 γόνου,
366 1603 412 1654 ταῦ
424 1600 559 1669 έκίΚίρκης
571 1599 639 1669 αὐτῷ
655 1598 820 1669 γεννηθέντος
835 1599 900 1665 υίοῦ,
912 1600 1034 1664 πολεμῶν
1045 1597 1108 1667 ὑπὲρ
1121 1601 1172 1651 τῶν
1184 1598 1277 1651 ἑαυτοῦ
1289 1598 1419 1665 ποιμνίων.

268 1672 400 1742 Μέμνηται
418 1670 447 1723 δέ
464 1669 556 1725 τούτου
575 1671 617 1722 καὶ
634 1671 648 1721 ό
666 1669 806 1724 Ὀππιανὸς
824 1669 860 1724 εἷς
876 1669 910 1722 τὰ
926 1670 984 1739 περί
1002 1669 1133 1739 τρυγόνος,
1149 1668 1236 1740 λέγων
1252 1668 1353 1722 οὑτωσί
1369 1690 1419 1723 πως

267 1746 343 1796 Κεῖνο
360 1739 418 1796 ποτ’
430 1739 533 1830 αἰγανέῃ
552 1738 687 1810 δολιχήρεῖ
703 1742 843 1807 κωπηέσσῃ
861 1740 941 1810 Κίρκη
955 1742 1091 1827 Τηλεγόνῳ
1107 1739 1316 1808 πολυφάρμακος
1334 1739 1418 1793 ὤπασε

268 1811 360 1884 μήτηρ,
381 1813 519 1882 Αἶχμαζειν
541 1811 620 1878 δηίοις
643 1811 718 1864 ἅλιον
741 1810 830 1880 μόρον.
858 1811 944 1881 Αὐτὰρ
966 1813 980 1863 ό
1005 1831 1076 1878 νηαω
1100 1810 1231 1880 Αίγιβότῳ
1255 1812 1419 1878 προαέκελσε

269 1886 310 1937 καὶ
329 1885 359 1937 οὐ
374 1884 448 1951 μάθε,
460 1885 531 1937 πώεα
545 1880 648 1951 πέρθων
660 1883 763 1952 Πατρός
778 1882 831 1934 έοῦ·
849 1882 950 1952 γεραρῷ
963 1881 991 1933 δέ
1003 1862 1195 1948 βοηδρομέοντι
1203 1882 1279 1946 τοκῆἳ
1290 1881 1366 1951 Αὐτῷ
1378 1882 1419 1934 τὸν

268 1956 380 2024 μάστευε
392 1954 469 2020 κακὴν
480 1952 623 2020 ἀνεμάξατο
636 1954 708 2019 κῆρα.
746 1954 821 2021 Hyg.
834 1965 881 2018 127
899 1953 1053 2023 Telegonus
1069 1952 1172 2021 Vlysses
1189 1956 1217 2005 et
1233 1952 1328 2006 Circes
1337 1953 1419 2021 filius

269 2028 372 2079 missus
387 2043 406 2077 α
424 2030 514 2078 matre
526 2030 559 2077 ut
568 2025 725 2094 genitorem
737 2028 890 2092 quaereret,
903 2027 1062 2093 tempestate
1074 2024 1105 2076 ιἰι
1116 2021 1247 2076 Ithacam
1259 2028 1302 2076 est
1311 2024 1419 2077 delatus

268 2097 362 2165 ibique
369 2096 452 2165 fame
469 2100 579 2148 coactus
597 2110 681 2165 agros
698 2094 868 2164 depopulari
883 2097 978 2164 coepit.
1015 2110 1078 2148 cum
1096 2110 1151 2162 quo
1174 2094 1282 2163 Vlysses
1299 2100 1330 2148 et
1348 2095 1375 2147 Τ
1370 2094 1418 2148 ele·

268 2165 384 2220 machus
395 2167 495 2236 egnati
504 2182 588 2218 arma
599 2164 784 2219 contulerunt.
827 2165 933 2234 Vlyoses
945 2183 963 2218 α
980 2165 1114 2235 Telegono
1117 2163 1185 2234 filie
1196 2169 1240 2217 est
1250 2166 1417 2235 interfectus,

268 2237 345 2306 qued
360 2238 389 2289 ei
407 2240 569 2316 responsum
582 2236 693 2305 suerat,
711 2241 745 2289 ut
762 2254 781 2288 α
790 2236 858 2304 filie
875 2241 986 2290 caueret
1000 2240 1123 2288 mertem.
1213 2237 1285 2289 569.
1304 2239 1418 2300 loquax

270 2307 399 2361 Anticlus
413 2323 460 2375 qur
473 2323 546 2376 equo
559 2306 677 2360 durateo
692 2323 757 2360 cum
773 2306 835 2360 aliis
852 2306 1021 2376 primoribus
1035 2305 1184 2360 Graiorum
1197 2304 1325 2360 inclusus
1342 2324 1417 2360 acce·

270 2377 348 2431 denti
373 2379 501 2430 Helenae
522 2386 550 2431 et
572 2394 672 2431 uocem
694 2376 815 2431 imitanti
838 2394 956 2431 uxorum
977 2376 1112 2446 cuiusque
1133 2377 1209 2430 solus
1231 2393 1417 2446 responsurus

269 2458 338 2516 erat,
350 2447 405 2502 nisi
418 2448 534 2515 Vlysses
548 2464 580 2501 os
593 2447 724 2502 manibus
737 2447 908 2502 occlusisset.
948 2447 1003 2502 Od.
1016 2446 1052 2501 iv.
1065 2443 1270 2516 285-289Ἔνθ
1282 2447 1362 2502 ἄλλοι
1374 2449 1418 2517 μὲν

269 2521 361 2573 πάντες
380 2518 442 2586 ἀκὴν
459 2519 524 2572 ἐσαν
541 2515 593 2573 υἷες
610 2517 730 2588 Ἀχαιῶν,
742 2517 881 2574 ’Ἄντικλος
902 2517 931 2571 δέ
950 2518 983 2571 σέ
999 2516 1023 2588 γ’
1043 2514 1096 2572 οἶος
1113 2516 1278 2587 ἀμείψασθαι
1296 2518 1418 2573 ἐπέεσσιν

262 2586 389 2643 Ἠθελεν·
406 2586 465 2641 ἀλλ’
477 2587 603 2642 Ὀδυσεὺς
620 2589 663 2643 ἐπὶ
680 2590 800 2656 μάστακα
818 2588 896 2658 χερσὶ
913 2589 998 2655 πίεζεν
1009 2589 1152 2656 Νωλεμέως
1168 2589 1318 2657 κρατερῇσι,
1331 2590 1418 2643 σάωσε

270 2660 298 2713 δὲ
310 2660 407 2714 πάντας
417 2658 544 2728 Ἀχαιούς,
559 2658 606 2729 qui
619 2677 718 2714 uersus
731 2660 767 2714 ab
780 2659 944 2714 Aristarcho
963 2669 1109 2730 tamquam
1127 2657 1304 2728 suppositicii
1323 2659 1417 2715 reiecti

271 2740 345 2785 sunt.
391 2731 480 2784 Paulo
505 2730 586 2784 aliter
607 2730 819 2800 Tryphiodorus
844 2730 873 2784 in
896 2727 976 2783 Ἰλίου
999 2728 1120 2798 Ἃλὼσει,
1144 2729 1220 2798 apud
1243 2747 1329 2800 quem
1352 2731 1417 2785 dum

272 2803 385 2855 Helena
403 2801 480 2856 iuxta
499 2801 601 2855 aedem
621 2801 768 2856 Mineruae
788 2801 863 2855 circa
881 2819 985 2872 equum
1004 2800 1138 2855 incedens
1156 2817 1257 2855 uxores
1276 2801 1416 2855 Achiuum

269 2872 406 2941 nominat,
429 2871 514 2926 ceteri
532 2871 633 2928 inclusi
651 2873 727 2940 flent,
747 2869 887 2927 Ἀντικλος
904 2871 927 2925 δ’
944 2872 987 2927 ὅτε
1005 2872 1109 2959 κέντρον
1126 2870 1232 2940 ἐδέξατο
1253 2872 1417 2941 Λαοδαμείης,

269 2947 371 2998 Μοῦνος
392 2942 529 3013 ἀμοιβαίην
549 2942 709 3006 ἀνεβάλλετο
728 2945 808 3014 γῆρυν
827 2942 936 3012 ἀνοίξας.
971 2939 1046 2995 Ἀλλ’
1074 2942 1190 2996 Οδυσεὺς
1210 2941 1358 2996 κατέπαλτο
1379 2944 1417 2996 καὶ

269 3012 418 3084 ἀμφοτέρῃς
434 3015 586 3081 παλάμῃσιν
596 3011 769 3083 Ἀμφιπεσὼν
785 3013 883 3079 ἐπίεζεν
899 3013 1062 3103 ἐπειγόμενον
1078 3015 1164 3082 στόμα
1181 3014 1272 3066 λῦσαι·
1291 3013 1417 3067 Μύστακα

268 3085 291 3138 δ’
311 3084 476 3154 άῤῥίηκτοισιν
494 3084 685 3150 ἀλυκτοπέδῃσι
701 3087 840 3153 μεμαρπὼς
855 3081 934 3154 Εἶχεν
949 3081 1112 3153 επικρατέως·
1130 3085 1145 3136 ό
1162 3083 1184 3136 δ’
1196 3083 1328 3137 ἐπάλλετο
1340 3084 1417 3154 χερσὶ

269 3156 393 3224 πιεσθείς,
418 3154 522 3226 Φεόγων
549 3154 595 3207 άνδ
613 3157 721 3223 οφόνοιο
748 3156 864 3223 πελώρια
891 3155 975 3223 δεσμά
997 3157 1103 3222 σιωπῆς.
1149 3153 1198 3206 Καὶ
1216 3156 1261 3207 τὸν
1279 3155 1326 3223 μὲν
1343 3156 1417 3209 λίπεν

269 3224 359 3297 ἆσθμα
377 3224 531 3296 φερέσβιον·
549 3226 573 3278 ol
591 3175 621 3278 δέ
638 3247 681 3293 μιν
693 3225 770 3280 ἄλλοι
783 3227 900 3294 Δάκρυσι
916 3225 1089 3293 λαθριδίοισιν
1101 3222 1305 3280 ἐπικλαιίσαντες
1315 3223 1416 3295 Ἀχαιοί

269 3301 367 3350 Καῦιον
383 3295 579 3366 ὑποκρίφαντες
590 3296 617 3350 ἐς
629 3296 716 3360 ἰσχίον
734 3297 843 3350 ἐνθεσαν
859 3294 938 3350 ἵππου
951 3296 1000 3349 Καὶ
1018 3297 1128 3365 χλαῖναν
1143 3293 1286 3362 μελέεσσιν
1302 3296 1346 3350 ἐπὶ
1363 3297 1415 3366 φυ-

268 3371 358 3437 χροῖοι
378 3367 529 3431 βαλόντες.*
568 3367 697 3422 Eudocia
716 3367 789 3422 Viol.
809 3367 861 3434 276
883 3367 972 3421 Flach
992 3366 1146 3420 nominatis
1169 3381 1200 3419 12
1222 3365 1270 3436 qui
1293 3366 1323 3421 in
1345 3383 1416 3437 equo

269 3437 369 3492 inclusi
382 3448 447 3492 sunt
460 3437 570 3492 dubitat
584 3437 619 3492 de
637 3438 750 3492 Anticlo
767 3437 799 3490 Εί
815 3438 843 3490 δέ
859 3436 930 3491 τοῦθ’
948 3435 1029 3492 οὕτως
1044 3437 1107 3507 ἔχει,
1125 3440 1176 3490 ποῦ
1194 3436 1268 3489 ἐστιν
1278 3433 1417 3493 Ἄντικλος

267 3504 298 3561 οὗ
319 3508 426 3575 φθάσας
446 3509 635 3575 ἐμνημόνευσεν
656 3511 670 3561 ό
691 3507 797 3576 ποιητής
803 3529 812 3572 ;
859 3511 963 3563 elisus.
997 3509 1064 3562 Her.
1080 3507 1114 3562 ix.
1129 3508 1161 3576 85
1180 3507 1263 3561 elisos
1272 3507 1415 3577 sancibat.

267 3594 388 3632 acerno.
424 3580 496 3633 Aen.
518 3578 545 3632 ii.
566 3594 613 3632 112
637 3597 701 3633 cum
725 3582 784 3633 iam
808 3578 854 3635 hic
876 3579 1001 3634 trabibus
1023 3583 1167 3632 contextus
1190 3580 1299 3632 acemzi
1320 3581 1418 3633 Staret

266 3665 337 3702 ecus.
375 3648 426 3701 ‘In
440 3648 601 3717 describing
613 3650 661 3704 the
674 3652 699 3703 T
700 3651 779 3720 rojan
792 3651 884 3718 horse,
897 3649 986 3718 Virgil
1001 3650 1061 3704 first
1079 3649 1182 3718 speaks
1200 3650 1233 3702 of
1247 3648 1268 3702 it
1287 3666 1319 3703 as
1339 3651 1415 3719 pine-

267 3718 358 3785 wood,
370 3719 438 3773 then
457 3735 489 3772 as
508 3720 610 3787 maple‚
623 3720 680 3773 and
697 3722 781 3789 lastly
793 3738 824 3775 as
842 3721 916 3788 oak3
935 3730 993 3788 not,
1009 3723 1020 3773 1
1035 3719 1124 3788 think,
1138 3720 1210 3773 from
1223 3720 1373 3774 confusion
1385 3728 1415 3774 or

267 3789 473 3858 forgetiulness‚
486 3789 536 3843 but
549 3806 581 3843 as
598 3807 635 3844 an
652 3792 790 3860 assertion
810 3792 842 3844 of
857 3792 905 3846 the
923 3792 1012 3860 poet’s
1028 3790 1163 3861 privilege
1176 3800 1205 3843 to
1218 3801 1373 3860 represent,
1387 3791 1415 3845 in

203 3871 206 3878 '
267 3877 299 3915 as
314 3877 401 3929 many
413 3876 489 3928 ways
506 3877 537 3913 as
557 3861 592 3914 he
610 3861 734 3930 pleased‚
747 3864 796 3916 the
814 3863 928 3931 general
946 3861 1045 3915 notion
1063 3861 1096 3915 of
1109 3860 1207 3915 wood’
1246 3861 1416 3931 Conington,

268 3930 374 3985 Introd.
389 3941 418 3984 to
431 3929 541 3985 Aeneid
558 3948 586 4000 p.
599 3947 636 3986 10.
676 3933 784 4003 Optimi
797 3932 909 3987 codices
922 3933 1028 3987 habent
1040 3948 1164 4003 agenen-
1181 3930 1289 4002 fuitque
1301 3934 1422 4002 Agenor⁹

266 4002 339 4057 inter
360 4001 499 4057 Troianos
521 4019 591 4072 quos
613 4013 697 4058 nocte
718 4020 817 4058 caesos
839 4003 908 4058 dixit
928 4004 1052 4057 Lesches
1094 4020 1131 4057 ua
1149 4001 1236 4056 Troia
1258 4013 1343 4072 capta
1364 4013 1413 4057 est.

267 4075 351 4128 Paus.
376 4092 402 4128 x.
428 4086 470 4142 25.
498 4085 520 4143 5,
545 4073 570 4142 6,
593 4087 634 4141 27.
658 4089 682 4143 2,
712 4075 816 4130 Kinkel
844 4074 926 4143 Epic.
953 4076 1053 4130 Graec.
1105 4090 1192 4142 ragm.
1222 4090 1269 4142 pp.
1294 4088 1337 4142 44,
1362 4086 1414 4142 45:

265 4154 296 4198 ut
326 4161 384 4198 non
417 4143 490 4199 desit
520 4162 607 4200 causa
636 4145 737 4200 erroris
767 4144 924 4201 inueterati.
1104 4147 1168 4200 571.
1197 4147 1414 4199 Anaxarchus.

267 4215 352 4284 Diog.
369 4217 400 4270 L.
414 4215 449 4270 ix.
465 4217 496 4284 58
514 4213 681 4286 Ἀνάξαρχος,
694 4213 853 4286 Ἀβδηρίτης.
885 4218 899 4268 ό
918 4213 942 4269 δ’
957 4213 1002 4269 οὖν
1020 4212 1179 4286 Ἀνάξαρχος
1196 4216 1237 4268 καὶ
1252 4212 1414 4286 Ἀλεξάνδρῳ

266 4289 354 4353 συνῆν,
368 4287 409 4339 καὶ
427 4286 520 4355 ἤκμαζε
538 4287 601 4339 κατὰ
617 4287 664 4354 τὴν
676 4286 783 4355 δεκάτην
795 4288 836 4339 καὶ
848 4287 990 4355 ἑκατοστὴν
1000 4285 1173 4355 Ὀλυμπιάδα,
1186 4287 1227 4339 καὶ
1240 4281 1309 4355 εἶχεν
1320 4286 1415 4356 ἐχθρὸν

265 4356 435 4428 Νικοκρέοντα
458 4357 503 4412 τὸν
522 4355 627 4427 Κύπρου
651 4356 782 4427 τύραννον.
816 4357 857 4412 καί
877 4379 942 4411 ποτε
960 4357 990 4411 ἐν
1011 4357 1150 4428 συμποσίῳ
1171 4360 1218 4412 τοῦ
1239 4356 1414 4426 Ἀλεξάνδρου

280 4493 295 4528 *
312 4493 401 4542 Primus
413 4509 441 4542 ex
453 4495 555 4557 Odyssea
566 4503 590 4542 et
601 4495 769 4558 Tryphiodoro
780 4495 856 4543 locum
869 4493 901 4543 sic
913 4495 1076 4557 interpretatus
1087 4503 1122 4542 est
1134 4493 1259 4542 Politianus
1271 4493 1339 4540 Misc.
1353 4500 1393 4554 75.
