3126 4980
200 370 256 428 108
597 365 945 426 COMMENTARIVS.

200 523 284 591 mico,
304 532 490 593 precaturque
512 530 542 575 ut
564 528 620 590 qua
640 520 687 576 die
707 522 800 576 lucem
821 521 962 591 acceperit
982 520 1088 586 (Cens.
1114 520 1164 589 11)
1187 537 1226 575 ea
1249 537 1282 574 se
1303 517 1381 573 morti

200 595 336 649 deuotum
349 592 551 648 reminiscatur.
600 596 733 657 Ianique
749 596 911 646 Kalendis.
949 591 1024 646 Plin.
1041 594 1083 647 H.
1099 595 1146 648 N.
1160 591 1264 645 xxviii.
1279 606 1313 644 22
1328 591 1383 644 Cur

195 668 326 736 pn’mum
338 666 412 718 anni
422 665 583 733 incrpr'entt's
594 664 667 717 diem
685 665 768 717 laetis
779 663 990 733 precationibus
1004 664 1144 717 inuicem
1160 665 1305 732 faustum
1317 663 1379 714 omi·

200 738 330 790 namur?
385 738 434 790 66.
452 737 528 788 Non
539 738 720 789 mentituro.
750 736 796 788 Tr.
807 733 841 788 iv.
852 749 875 802 3.
888 734 919 787 16
931 735 999 787 Non
1013 736 1193 788 mentitura
1206 741 1242 788 tu
1255 734 1312 786 tibi
1321 748 1380 785 uoce

200 807 280 877 refer.
314 809 406 860 Docet
420 815 497 859 certo
509 814 646 859 euentura
658 821 731 874 quae
743 805 909 874 inprecatur.
966 808 1015 861 67.
1035 808 1211 860 Dimaris
1224 811 1259 859 et
1272 810 1378 858 terrae.

200 877 242 931 sic
264 879 462 946 Agamemnon
484 876 515 930 ll.
529 875 566 929 iii.
581 876 704 942 276-280
716 879 763 928 Ζεῦ
775 877 865 946 πάτερ,
876 874 979 942 Ἴδηθεν
993 876 1109 943 μεδέων,
1130 876 1248 930 κύδιστε
1265 878 1379 944 μέγιστε,

201 947 306 1003 Ἧιλιός
324 946 346 1001 θ’
366 946 394 1002 ὃς
411 945 484 1001 πάντ’
503 947 601 1015 ἐφορᾷς
619 946 660 999 καὶ
677 943 751 1000 πάντ’
768 945 909 1011 ἐπακούεις,
930 946 978 999 Καὶ
995 948 1117 1015 ποταμοὶ
1140 949 1189 1001 καὶ
1207 949 1283 1036 μαῖα,
1304 948 1343 999 καὶ
1357 942 1379 997 ol

201 1017 322 1086 ὑπένερθε
341 1019 467 1087 καμόντος
477 1014 641 1087 Ἀνθρώπους
656 1017 786 1082 τίνυσθον,
803 1015 872 1072 ὅτίς
890 1014 912 1069 κ’
923 1016 1046 1087 ἐπίορκον
1063 1017 1196 1084 ὀμόσσῃ,
1218 1021 1301 1085 Υμεῖς
1317 1017 1377 1085 μάρ-

201 1109 273 1154 τυροι
294 1089 365 1142 ἔστε.
401 1091 533 1142 meliora
551 1087 631 1142 caeli.
675 1087 786 1141 Eadem
808 1087 921 1157 partitio
939 1097 982 1141 est
1004 1089 1047 1142 M.
1069 1086 1098 1142 ii.
1122 1090 1184 1156 298
1205 1090 1237 1142 si
1246 1089 1340 1159 freta,
1356 1088 1380 1140 si

201 1165 294 1214 terrae
301 1163 431 1229 pereunt,
443 1161 471 1212 ri
481 1160 560 1230 regia
572 1158 649 1212 caeli.
739 1161 789 1214 68.
807 1162 896 1212 Inter
908 1162 1053 1212 diuersos
1066 1158 1235 1228 oppositos
1247 1163 1341 1224 polos
1352 1158 1378 1211 in

201 1229 279 1283 omni
293 1229 409 1284 circuitu
423 1229 502 1297 caeli,
515 1239 652 1299 quantum
668 1238 747 1297 patet
766 1228 839 1283 inter
854 1230 950 1297 polum
964 1230 1123 1283 Borealem
1138 1231 1377 1299 Australemque.

202 1300 250 1354 Sic
263 1302 295 1355 F.
309 1300 344 1354 vi.
358 1300 410 1367 718
426 1301 518 1370 cinget
528 1301 658 1370 geminos
672 1301 754 1354 stella
770 1317 866 1352 serena
876 1300 958 1369 potor
969 1300 1005 1353 de
1019 1299 1165 1354 Lucifero
1180 1301 1379 1356 circumeunte

201 1372 320 1439 caelum,
343 1373 374 1425 F.
395 1370 431 1424 iii.
456 1371 505 1423 106
521 1371 650 1441 geminos
670 1387 726 1424 esse
745 1370 796 1423 sub
816 1388 870 1423 axe
886 1371 975 1440 polos.
1013 1370 1080 1424 Pari
1108 1372 1210 1425 modo
1235 1373 1379 1427 Tellurem

203 1441 310 1495 inducit
324 1441 352 1495 in
373 1440 446 1495 Μ.ἰί
463 1451 627 1510 querentem
645 1441 705 1495 Ioui
723 1441 759 1495 de
777 1440 961 1495 Phaethontis
980 1440 1119 1494 incendio
1139 1459 1170 1497 u.
1187 1458 1244 1512 293
1263 1444 1382 1513 Quodsi

201 1529 251 1567 nec
259 1513 379 1582 fratres,
394 1509 557 1582 (Neptune),
577 1528 627 1565 nec
643 1516 670 1564 te
688 1529 749 1565 mea
761 1514 864 1582 gratia
881 1514 983 1582 tanget,
1002 1511 1048 1565 At
1065 1513 1148 1565 caeli
1167 1517 1312 1568 miserere
1332 1516 1380 1567 tui.

203 1584 391 1653 Circumspice
401 1588 555 1651 utrumque
563 1602 574 1636 .·
592 1583 700 1636 Fumat
718 1588 834 1651 uterque
850 1583 942 1652 polus,
961 1598 1031 1651 quos
1050 1585 1080 1635 si
1099 1585 1281 1639 uiolauerit
1299 1587 1382 1656 egnes,

200 1654 292 1708 Atria
304 1658 399 1707 uestra
411 1659 501 1708 ruent.
538 1669 610 1707 oum
622 1656 699 1707 Ioue
711 1652 804 1722 superi
817 1670 924 1706 omnes.
1024 1655 1076 1709 70.
1096 1660 1234 1718 optatis
1247 1656 1328 1710 uotis
1342 1658 1382 1722 87.

202 1728 326 1789 pondus
344 1728 447 1778 messe
465 1723 567 1778 eodem
586 1740 671 1778 sensu
689 1740 746 1793 quo
758 1724 874 1794 pondus
891 1723 989 1777 babere
1005 1740 1058 1792 pro
1077 1734 1148 1778 rata
1162 1726 1231 1780 fieri
1249 1728 1382 1797 frequen·

202 1795 280 1849 tauit.
356 1799 609 1859 11.1psaquetu
625 1797 738 1849 ¹lellus.
776 1794 859 1848 Adis
872 1794 957 1848 maris
970 1804 1061 1848 terrae
1075 1795 1155 1849 caeli
1172 1797 1215 1851 ad
1230 1799 1310 1853 haec
1323 1799 1384 1868 ipsa

203 1866 344 1920 elementa
362 1882 393 1920 se
412 1867 549 1920 conuertit
569 1865 650 1919 ‘And
669 1866 738 1919 thou
756 1866 807 1934 thy
825 1866 894 1920 selle
915 1865 963 1933 (oh
982 1864 1079 1918 Tellus
1102 1866 1209 1936 fayre)
1232 1870 1309 1924 thou
1330 1873 1384 1925 Sea

203 1936 270 1991 with
292 1937 330 1990 all
354 1938 404 2005 thy
423 1953 537 1990 waues:
568 1935 635 1989 And
656 1937 732 2004 Ayer
753 1935 866 2003 highest
888 1936 921 1989 of
936 1937 984 1990 the
1004 1944 1072 2004 rest,
1091 1949 1211 2005 graunt
1232 1942 1316 1996 what
1338 1959 1384 2010 my

204 2024 319 2077 prayers
344 2023 451 2061 craues.
497 2006 564 2060 And
588 2006 640 2060 eke
666 2023 721 2074 you
747 2007 857 2060 Starres
884 2007 942 2060 and
963 2006 1078 2059 Phebus
1098 2017 1140 2075 ιο,
1164 2010 1242 2064 with
1263 2012 1384 2067 beames

204 2077 374 2147 compassed
394 2077 508 2146 bright:
538 2079 620 2130 Thou
647 2079 753 2131 Moone
774 2077 835 2131 also
859 2077 922 2130 who
944 2094 1029 2131 never
1048 2076 1133 2145 do'st‚
1159 2097 1198 2134 as
1227 2099 1281 2137 ere
1309 2084 1385 2138 shew

204 2149 279 2203 forth
303 2150 354 2217 thy
377 2147 455 2217 light.
505 2149 587 2201 Thou
613 2146 703 2216 Night
734 2148 797 2201 who
828 2147 867 2216 by
896 2149 947 2217 thy
977 2147 1100 2202 darknes
1133 2161 1197 2219 art,
1231 2154 1269 2206 of
1298 2172 1385 2223 many

206 2220 369 2273 honoured:
389 2217 518 2273 andeke
536 2235 591 2286 you
610 2219 718 2272 Dames
737 2219 801 2271 who
819 2217 886 2272 with
902 2220 981 2272 three
1000 2218 1103 2285 hande,
1117 2219 1181 2275 doe
1204 2223 1319 2292 spinne
1339 2227 1386 2280 the

205 2289 311 2344 certain
324 2290 421 2344 thred’
434 2290 467 2343 T.
478 2289 666 2343 Vnderdown.
729 2291 777 2345 12.
796 2292 904 2343 aether
916 2305 1035 2344 summe
1046 2288 1106 2343 Cic.
1118 2291 1160 2345 N.
1176 2295 1219 2348 D.
1233 2295 1261 2349 ii.
1274 2311 1323 2362 4ο.
1338 2312 1383 2350 101

204 2361 325 2415 ultimus
342 2366 370 2413 et
386 2378 405 2413 a
422 2360 571 2422 domiciliis
587 2361 693 2413 nostris
710 2360 867 2413 altzssimus
883 2363 978 2414 omnia
989 2361 1105 2430 cingens
1117 2366 1147 2414 et
1160 2380 1304 2420 coercens
1316 2368 1390 2421 caeli

204 2433 371 2502 complexus,
393 2432 446 2499 qui
462 2431 534 2484 idem
556 2429 653 2483 aether
672 2436 798 2485 uocatur.
880 2433 927 2486 73.
945 2434 1044 2485 radiis
1064 2435 1285 2492 circumdate.
1309 2442 1387 2493 solis

204 2507 316 2568 imago.
353 2501 472 2555 Videtur
493 2499 675 2555 simulacrum
698 2500 752 2554 sibi
778 2501 883 2572 fingere
907 2511 1072 2556 coronatum
1098 2503 1207 2574 radiis,
1234 2509 1269 2563 F.
1294 2509 1312 2563 i.
1335 2511 1385 2577 385

204 2575 296 2628 radiis
308 2573 475 2643 Hyperiona
488 2573 616 2625 cunctum.
734 2575 782 2628 74.
800 2589 973 2638 numquam
990 2588 1052 2637 quo
1069 2576 1168 2636 prius
1190 2594 1253 2632 ore
1273 2584 1386 2634 miens.

206 2647 247 2698 M.
266 2663 309 2697 xv.
332 2643 381 2712 196
405 2644 466 2696 Nec
481 2647 542 2713 par
560 2648 613 2695 aut
636 2642 730 2696 eadem
751 2650 905 2698 noeturnae
919 2644 1020 2714 sumna
1040 2643 1159 2697 Dianae
1185 2649 1267 2703 Esse
1289 2656 1388 2721 potest

205 2731 349 2784 umquam,
368 2718 528 2783 semperque
548 2711 684 2767 bodterna
703 2721 838 2782 sequente,
857 2716 895 2768 Si
911 2716 1014 2782 crescet,
1034 2715 1132 2768 minor
1151 2724 1209 2787 est,
1236 2725 1343 2776 maior
1361 2723 1389 2775 si

205 2783 348 2839 contrabit
359 2785 450 2838 orbem
464 2782 597 2850 (Ciofan.)
712 2788 760 2840 75.
777 2788 980 2840 tenebrarum
992 2787 1094 2849 speeie
1107 2803 1169 2839 non
1185 2800 1236 2844 est
1251 2793 1385 2847 tenebris

206 2872 276 2925 quas
302 2854 390 2909 oculis
415 2853 527 2921 subicis,
553 2854 605 2908 sed
632 2854 734 2908 eodem
762 2872 847 2910 sensu
874 2872 930 2925 quo
959 2855 1035 2937 apud
1060 2854 1244 2913 Ciceronem
1275 2863 1386 2919 dicitur

208 2926 262 2980 Pis.
282 2924 316 2979 xi.
337 2940 371 2992 24
389 2925 456 2995 fuit
472 2929 586 2995 pompa,
602 2926 670 2995 fuit
689 2928 797 2995 species,
818 2927 854 2981 de
874 2928 953 2982 Orat.
970 2926 996 2980 ir.
1015 2938 1056 2992 72.
1075 2940 1128 2994 294
1153 2935 1332 2996 quamdam
1354 2937 1386 2988 in
1492 2983 1493 2987 ,

204 2997 320 3052 &cende
343 2998 459 3067 speciem
483 3001 567 3065 atque
585 2998 721 3066 pompam
747 2996 866 3067 ‘pompj
985 3000 1033 3053 76.
1062 2997 1170 3051 Parcas
1200 3001 1279 3058 dicit
1309 3023 1386 3076 quae

206 3084 270 3123 cum
292 3077 349 3121 tres
371 3067 427 3122 sint
448 3070 569 3131 triplici
590 3070 703 3131 pontes
724 3078 792 3122 nent
814 3084 894 3132 opus
914 3074 1021 3123 ratum
1042 3067 1089 3120 fila
1110 3067 1160 3120 fati
1186 3073 1265 3127 certi
1289 3086 1322 3130 et
1344 3076 1384 3129 in.

205 3137 356 3194 mutabilis.
396 3139 479 3192 Cons.
497 3137 535 3191 ad
555 3136 615 3191 Liu.
628 3152 680 3203 444
699 3138 788 3191 Stant
804 3144 878 3208 rata,
897 3156 953 3193 nou
972 3139 1033 3192 ulla
1043 3138 1101 3208 fita
1119 3144 1257 3196 renenda
1278 3163 1383 3200 manu.

206 3213 253 3265 77.
270 3212 429 3264 horrendo
447 3224 616 3262 murmure.
654 3210 833 3263 Burmannus
850 3209 930 3264 affert
949 3208 1197 3265 Hermesianactis
1218 3231 1331 3271 uersus
1348 3218 1384 3272 de
1493 3256 1495 3273 2

207 3281 324 3350 Orpheo
348 3279 425 3349 apud
449 3278 553 3332 inferos
574 3279 678 3333 Athen.
699 3292 749 3348 597
765 3277 848 3333 ’Ἔνθα
869 3282 961 3351 Χάρων
982 3280 1066 3347 κοινὴν
1086 3277 1192 3333 ἕλκεται
1217 3284 1259 3338 εἷς
1282 3287 1385 3342 ἄκατον
1491 3302 1492 3306 ’

206 3352 296 3420 Ψυχὰς
317 3350 466 3420 οἰχομένων,
488 3347 563 3417 λίμνη
585 3348 607 3402 δ’
627 3350 669 3403 ἐπὶ
692 3351 789 3417 μακρὸν
810 3350 881 3405 ἇῦτεῖ
899 3350 991 3421 Ῥεῦμα
1012 3350 1066 3404 διέκ
1085 3350 1215 3419 μεγάλων
1240 3358 1384 3426 συρομένη

207 3422 327 3475 δονάκων.
426 3424 474 3477 78.
498 3421 718 3484 Inperiuratae
736 3438 835 3486 aquae
854 3424 924 3491 Styx
941 3423 986 3476 Di
1000 3423 1081 3476 cuius
1099 3421 1202 3474 iurare
1223 3427 1340 3482 timent
1358 3434 1387 3484 et

199 3491 307 3559 fallere
324 3507 428 3543 numen
446 3492 518 3545 Aen.
533 3490 569 3545 vi.
586 3506 646 3559 324·
733 3495 781 3548 79.
800 3497 948 3557 Quasque
966 3490 1140 3547 Eumenides
1158 3493 1278 3550 fenmt
1300 3500 1385 3554 sama

208 3572 251 3615 est
270 3564 377 3615 sedere
395 3565 518 3626 capillis
538 3565 663 3617 ulttetis
682 3578 784 3628 angue
801 3567 930 3629 intorto,
948 3565 976 3618 h.
985 3581 1010 3618 e.
1029 3578 1135 3631 angues
1157 3561 1289 3621 innexos
1316 3581 1384 3625 tan.

208 3648 295 3701 quam
315 3630 447 3685 uittarum
466 3632 574 3686 taenias
593 3634 772 3689 habentibus.
809 3634 940 3690 Aenuii.
954 3647 1013 3703 352,
1034 3633 1254 3704 Choeph.1049
1272 3645 1383 3694 πεπλε-

208 3702 358 3771 κτανημέναι
382 3705 492 3757 Πυκνοῖς
516 3703 664 3770 δράκουσιν,
689 3704 736 3758 ubi
763 3704 904 3774 Coningto
928 3722 963 3759 ex
988 3707 1070 3759 Paus.
1093 3703 1110 3757 i.
1133 3703 1176 3756 28.
1200 3705 1220 3757 6
1248 3708 1383 3768 adnotat

130 3801 134 3806 ·
208 3772 330 3855 primum
344 3773 515 3841 Aeschylum
529 3774 629 3828 Furias
642 3774 682 3828 sic
695 3786 931 3845 repraesentasse.
978 3791 1080 3840 angue
1092 3772 1246 3841 anguibus.
1289 3782 1382 3838 Pont,

207 3843 246 3899 rii.
269 3859 291 3899 1.
314 3857 363 3908 124
387 3844 506 3897 Nexaue
529 3846 647 3898 nodosas
671 3862 764 3917 angue
787 3847 909 3901 Medusa
933 3864 1031 3901 comas.
1138 3845 1189 3897 80.
1211 3849 1383 3909 Carceris.

208 3915 320 3970 Eadem
340 3914 428 3968 uerba
447 3914 483 3968 de
503 3916 604 3969 eadem
626 3933 656 3970 re
679 3919 720 3971 M.
739 3916 775 3971 iv.
790 3929 842 3985 453
866 3917 1020 3972 Carceris
1040 3925 1117 3970 ante
1136 3915 1231 3970 fores
1255 3922 1383 3978 clausas

207 3989 359 4042 adamante
370 3986 505 4054 sedebant,
515 3987 612 4056 Deque
623 3989 683 4041 suis
694 3993 772 4041 atros
779 3988 925 4058 pectebant
935 3989 1059 4042 cn‘uzbus
1070 4001 1183 4057 angues.
1218 3989 1256 4042 In
1270 3991 1381 4050 limine

209 4058 276 4113 Orci
299 4067 327 4112 et
347 4056 487 4126 Vergilius
512 4057 606 4127 posuit
627 4058 739 4127 ferreos
760 4059 954 4114 Eumenidum
977 4058 1125 4125 thalamos,
1149 4057 1231 4110 Aen.
1245 4059 1285 4115 vi.
1313 4067 1380 4120 282

208 4134 254 4186 81.
272 4131 363 4195 plebs
381 4144 530 4192 superum
550 4140 730 4198 opponuntur
747 4128 932 4184 nobilioribus
950 4133 991 4186 M.
1005 4129 1022 4183 i.
1039 4141 1095 4197 173.
1133 4128 1177 4179 Ex
1195 4127 1256 4183 hoc
1278 4133 1381 4191 Ibidis

208 4202 272 4254 loco
295 4198 416 4270 sumpsit
442 4198 582 4254 Martialis
606 4199 662 4254 viii.
683 4212 724 4268 50.
747 4214 799 4266 2-4
828 4201 998 4271 Quantaque
1017 4217 1080 4253 nou
1099 4199 1211 4268 superes
1238 4207 1382 4260 omnibus

207 4273 261 4326 illa
269 4272 337 4341 suit
350 4271 415 4339 Qua
433 4270 519 4323 bonus
536 4270 665 4324 accubuit
677 4273 867 4342 gemtorcum
880 4273 960 4342 plebe
976 4273 1091 4326 deorum
1103 4269 1146 4321 Et
1156 4268 1244 4323 licuit
1254 4274 1383 4332 Faunis

203 4346 317 4412 poscere
334 4343 406 4395 uina
423 4341 520 4394 Iouem
534 4340 691 4410 (Zingerle).
734 4345 817 4396 lares
835 4359 900 4397 cum
920 4342 1025 4397 Faunis
1045 4339 1200 4408 Satirisque
1218 4343 1381 4405 coniunxit

209 4421 240 4465 ut
259 4410 427 4464 rusticorum
446 4410 596 4481 praecipue
614 4412 731 4468 numina
751 4415 821 4468 Hor.
837 4415 866 4468 C.
881 4413 918 4468 iii.
933 4428 974 4482 23.
988 4428 1014 4481 4,
1033 4412 1097 4466 Tib.
1110 4409 1127 4464 i.
1144 4424 1165 4463 1.
1180 4424 1224 4464 20.
1324 4423 1381 4477 82,

210 4485 389 4537 semideum
408 4483 449 4535 M.
463 4480 480 4536 i.
496 4496 553 4551 192,
572 4481 626 4537 xiv.
639 4482 700 4551 673.
780 4487 830 4540 83.
849 4488 888 4540 ab
907 4487 1038 4549 antiquo
1056 4485 1142 4537 chao
1162 4481 1203 4536 M.
1217 4480 1248 4538 ii.
1264 4499 1323 4557 299
1341 4491 1382 4546 In
