3038 4988
491 387 840 452 COMMENTARIVS.
1186 395 1243 487 ld?

90 551 266 623 Tragoedias
291 551 327 606 de
353 549 506 605 Palamede
531 549 702 620 scripserunt
724 548 881 618 Aeschylus
908 548 1244 619 Sophocles-Euripides

89 625 273 694 Astydamas‚
292 623 325 676 cf.
347 623 425 676 Seru.
445 621 482 676 ad
500 623 571 675 Aen.
585 621 613 676 ii.
629 622 671 689 82,
690 619 821 676 Philostr.
842 619 957 674 Heroic.
975 633 1026 687 714
1045 619 1105 673 ἀλλ’
1123 621 1244 690 ἔφθησαν

89 695 168 749 αύτδν
186 695 212 748 αί
229 691 381 748 Ὀδυσσέως
399 694 509 762 μηχαναί
527 695 620 761 σοφῶς
637 692 797 760 ξυντεθεῖσαι
816 691 858 745 καί
875 694 977 761 χρυσοῦ
995 691 1043 760 μέν
1060 690 1143 759 ἥττων
1159 691 1243 760 ἔδοξε,

89 765 219 835 προδότης
235 787 264 818 τε
282 759 346 818 εἶναι
364 761 539 833 κατεψεύσθη,
553 762 701 833 περιαχθεὶς
718 762 747 815 δὲ
765 763 801 814 τὼ
818 764 889 831 χεῖρε
909 761 1075 829 κατελιθώθη,
1087 764 1244 826 βαλλόντων

90 837 167 890 αὐτὸν
183 834 404 902 Πελοποννησίων
421 855 449 887 τε
468 835 509 887 καὶ
527 831 684 899 Ἰθακησίων.
710 831 725 898 ἡ
744 831 772 885 δέ
789 830 856 899 άλλη
875 829 973 887 Ἑλλὰς
991 832 1051 886 οῦδὲ
1069 833 1137 901 ε’ὡρα
1154 836 1243 899 ταῦτα,

90 906 159 959 ἀλλὰ
172 908 213 960 καί
226 905 351 959 δοκοῦντα
363 904 457 957 ἀδικεῖν
468 902 564 974 ἠγάπα.
581 904 650 973 ὠμόν
662 902 703 955 καί
715 903 745 956 τὸ
757 900 797 956 ε’π’
808 903 875 973 αύτῷ
889 902 1013 971 κηρυγμα·
1026 902 1060 971 μὴ
1073 905 1124 972 γάρ
1138 903 1244 958 θάπτειν

89 978 136 1030 τδν
145 975 304 1045 Παλαμήδην
315 975 380 1043 μηδὲ
387 976 478 1028 ὁσιοῦν
489 978 519 1043 τῇ
532 975 575 1042 γῇ,
585 971 756 1040 ἀποθνήσκειν
768 972 796 1026 δὲ
808 974 854 1026 τὸν
863 972 1015 1039 ἀνελόμενόν
1023 995 1051 1028 τε
1061 975 1102 1025 καί
1112 973 1244 1043 θάψαντα.

90 1049 157 1116 621,
170 1050 199 1102 2.
216 1046 345 1101 Historia
358 1045 463 1116 ignota,
476 1055 504 1099 et
516 1044 677 1098 nominibus
691 1043 806 1098 incerta.
845 1044 939 1112 Quam
956 1061 1032 1098 nunc
1051 1044 1243 1112 coniecturam

91 1117 285 1187 propositurus
304 1134 376 1185 sum,
395 1115 501 1185 pendet
519 1133 553 1170 ex
573 1114 657 1169 Diod.
675 1113 691 1168 i.
705 1115 748 1182 88,
765 1113 813 1168 ubi
832 1114 868 1168 de
886 1114 1035 1184 Aegyptiis
1054 1115 1152 1170 dicens
1171 1116 1243 1170 haec

90 1188 186 1243 habet.
196 1188 260 1242 Τοῦς
268 1188 296 1240 δέ
304 1185 417 1258 πυῤῥοῦς
424 1189 488 1250 βοῦς
496 1185 695 1255 συγχωρηθῆναι
703 1183 772 1238 θύειν
781 1185 822 1238 διὰ
831 1187 861 1238 τὸ
870 1184 953 1238 δοκεῖν
960 1189 1077 1239 τοιοῦτον
1083 1186 1119 1257 τῷ
1127 1187 1244 1257 χρώματι
1280 1222 1281 1225 =

83 1259 223 1352 γεγονέναι
231 1259 344 1327 Τυφῶνα
355 1258 401 1311 τὸν
412 1255 635 1320 ἐπιβουλεύσαντα
646 1257 693 1323 μὲν
704 1254 825 1324 Ὀσίριδι,
837 1258 949 1324 τυχόντα
962 1255 992 1309 δὲ
1002 1256 1125 1326 τιμωρίας
1136 1257 1186 1310 ύπδ
1198 1259 1245 1324 τῆς

61 1356 66 1360 ’
100 1329 187 1384 Ισιδας
199 1329 241 1382 διὰ
258 1329 304 1383 τὸν
318 1327 427 1395 τάνδρὸς
444 1329 535 1398 φόνον.
571 1327 621 1380 Καὶ
638 1331 689 1380 τῶν
706 1325 846 1394 ἀνθρώπων
864 1326 892 1379 δὲ
910 1326 971 1382 τοὺς
988 1327 1190 1397 ὁμοχρωμάτους
1207 1331 1243 1399 τῷ

90 1401 195 1469 Τυφῶνι
207 1400 237 1454 τὸ
248 1399 361 1454 παλαιὸν
369 1397 419 1452 ὑπὸ
430 1403 482 1452 τῶν
493 1395 626 1463 βασιλέων
634 1398 704 1466 φασὶ
716 1395 823 1450 θύεσθαι
835 1398 900 1467 πρὸς
911 1399 947 1469 τῷ
959 1399 1035 1468 τάφῳ
1048 1402 1094 1452 τοῦ
1103 1397 1244 1468 Ὀσίριδος·

90 1475 142 1524 τῶν
158 1471 205 1537 μὲν
223 1468 268 1524 οῦν
284 1469 430 1539 Αἰγυπτίων
446 1468 551 1540 ὀλίγους
566 1469 636 1523 τινὰς
652 1467 817 1538 εὑρίσκεσθαι
835 1467 957 1538 πυῤῥοὺς,
972 1474 1024 1522 τῶν
1040 1468 1069 1522 δὲ
1087 1467 1167 1535 ξένων
1183 1468 1245 1523 τοὺς

90 1541 205 1597 πλείους·
223 1540 263 1595 διδ
281 1541 323 1594 καί
339 1540 398 1610 περὶ
416 1541 461 1608 τῆς
473 1539 626 1610 Βουσίριδος
641 1539 800 1606 ξενοκτονίας
814 1540 883 1608 παρὰ
894 1541 949 1593 ταῖς
961 1537 1094 1605 Ἕλλησιν
1105 1539 1245 1609 ἐνισχῦσαι

91 1612 137 1665 τὸν
148 1611 243 1680 μῦθον,
251 1610 281 1663 οῦ
293 1615 339 1664 τοῦ
351 1612 484 1676 βασιλέως
495 1609 682 1679 ὀνομαζομένου
695 1608 855 1679 Βουσίριδος,
868 1609 938 1662 ἀλλὰ
953 1613 1000 1663 τοῦ
1011 1608 1145 1679 Ὀσίριδος
1156 1611 1244 1679 τάφου

90 1680 185 1749 ταύτην
196 1683 301 1752 ἔχοντος
312 1681 359 1750 τὴν
369 1681 548 1772 προσηγορίαν
560 1683 623 1735 κατὰ
635 1680 681 1751 τὴν
692 1685 743 1735 τῶν
754 1680 887 1752 ἐγχωρίων
899 1681 1040 1734 διάλεκτον.
1068 1682 1141 1735 Plut.
1155 1680 1190 1734 de
1205 1682 1242 1736 IS.

91 1762 120 1807 et
135 1751 207 1807 Osir.
217 1751 302 1806 xxxiii
314 1753 425 1822 Τυφῶνα
439 1752 467 1805 δε
478 1755 530 1806 πᾶν
541 1753 570 1806 τὸ
583 1752 715 1822 αύχμηρδν
727 1752 768 1804 καὶ
780 1751 896 1839 πυρῶδες
908 1752 949 1804 καί
961 1751 1112 1819 ξηραντικὸν
1124 1751 1192 1806 ὅλως
1202 1751 1244 1805 καί

91 1824 259 1891 πολέμιοντῇ
275 1823 404 1894 ὑγρότητι.
442 1823 488 1877 Διὸ
505 1824 546 1876 καί
557 1822 713 1894 πυῤῥόχρων
728 1843 860 1914 γεγονεναι
878 1822 914 1894 τῷ
930 1823 1030 1890 σώματι
1047 1823 1088 1874 καί
1104 1823 1244 1892 πάρωχρον

92 1894 235 1960 νομίζοντες
251 1895 281 1948 ού
296 1894 362 1947 πάνυ
375 1893 511 1964 προθύμως
525 1894 727 1988 ἐντυγχάνουσιν
740 1894 799 1947 ουδὲ
816 1892 896 1961 ἡδέως
912 1893 1035 1960 ὁμιλοῦσι
1047 1895 1103 1946 τοῖς
1118 1891 1245 1948 τοιούτοις

91 1964 138 2032 τὴν
147 1963 211 2035 ὅφιν
218 1965 369 2036 ἀνθρώποις·
386 1966 431 2020 τὸν
439 1962 580 2035 δὲὈσιριν
592 1987 624 2018 αυ
632 1965 710 2018 πάλιν
719 1964 885 2036 μελάγχρουν
896 1961 1028 2035 γεγονέναι
1040 1963 1244 2031 μυθολογοῦσιν,

92 2035 132 2087 ότι
144 2038 196 2088 πᾶν
207 2033 275 2106 ὕδωρ
288 2038 329 2089 καί
341 2037 390 2106 γῆν
402 2037 442 2088 καὶ
456 2035 541 2102 ἱμάτια
554 2036 594 2088 καί
606 2035 671 2103 νέφη
683 2035 797 2103 μελαίνει
808 2033 969 2105 μιγνύμενον.
1001 2033 1078 2087 Hinc
1091 2033 1245 2088 edocemur

92 2105 223 2160 homines
242 2106 303 2160 rufo
322 2107 416 2160 colore
438 2105 504 2159 odio
524 2105 610 2160 fuisse
629 2105 784 2174 Aegyptiis,
804 2115 831 2159 et
850 2104 1005 2175 antiquitus
1027 2105 1065 2158 ad
1084 2105 1244 2173 sepulcrum

94 2175 215 2230 Osiridis
240 2176 401 2231 immolatos
425 2186 571 2247 tamquam
593 2175 738 2230 inimicum
762 2175 822 2229 eius
844 2177 986 2245 Typhona
1010 2175 1057 2245 qui
1083 2174 1144 2245 ipsc
1165 2175 1244 2229 rusus

92 2257 168 2300 esset
180 2248 354 2315 referentes3
380 2257 527 2316 praeterea
542 2248 598 2301 hoc
615 2248 708 2301 colore
727 2246 774 2317 qui
793 2257 896 2314 essent,
910 2248 987 2301 uelut
1004 2256 1134 2301 externos
1152 2245 1244 2310 notari

92 2318 130 2371 ab
149 2317 304 2387 Aegyptiis,
323 2335 376 2372 nec
394 2318 515 2372 libenter
534 2317 605 2371 adiri
627 2317 734 2371 solitos.
780 2319 862 2371 Haec
880 2323 995 2386 poetam
1014 2317 1055 2371 sic
1073 2317 1245 2371 adumbrare

92 2404 196 2442 censeo
213 2399 243 2442 ut
256 2389 392 2459 Aethalos
410 2388 445 2443 sit
462 2387 480 2442 i.
491 2405 516 2458 q.
530 2387 691 2458 πυρῤόχρως,
704 2388 760 2442 hoc
777 2398 873 2442 autem
889 2387 1004 2441 nomine
1023 2387 1156 2442 uniuersa
1174 2405 1245 2456 gens

92 2464 144 2512 τῶν
160 2457 273 2529 πυῤῥῶν,
293 2458 322 2512 id
341 2459 417 2529 quod
436 2459 507 2512 solet
526 2458 555 2513 in
577 2458 681 2527 mythis
700 2458 768 2527 fieri,
787 2459 945 2513 denotetur.
983 2460 1069 2512 Hunc
1086 2461 1246 2513 Aethalon

92 2529 154 2583 siue
166 2540 313 2584 externum
330 2533 445 2595 hospes
463 2546 530 2583 suus
543 2530 699 2599 Aegyptius
717 2533 752 2583 in
770 2533 867 2584 Isidis
885 2530 992 2599 templo
1009 2529 1096 2584 fertur
1108 2528 1245 2583 coniectis

93 2600 156 2654 telis
170 2599 248 2670 (625)
262 2600 419 2668 occidisse;
443 2600 518 2654 unde
536 2599 695 2655 institutum
713 2610 743 2654 ut
763 2600 810 2670 qui
830 2600 914 2654 simili
931 2599 1027 2670 specie
1045 2609 1141 2654 essent
1160 2617 1178 2654 a
1190 2599 1245 2654 ritu

93 2671 166 2724 deae
190 2680 358 2726 arcerentur.
501 2674 566 2725 621.
586 2674 655 2725 uita
679 2675 835 2738 spoliauit,
858 2671 1006 2725 interfecit.
1043 2672 1114 2725 Aen.
1135 2669 1171 2725 vi.
1196 2671 1245 2724 168

93 2741 248 2810 Postquam
260 2742 344 2795 illum
362 2739 433 2796 uita
450 2743 543 2798 uictor
559 2741 717 2811 spoliauit
729 2742 862 2796 Achilles.
902 2741 1001 2796 lustin.
1014 2740 1068 2795 xvi.
1081 2756 1099 2807 4
1110 2742 1247 2811 spoliatos
1307 2807 1311 2810 ἢ

83 2812 217 2880 fortunis
229 2811 298 2867 uita
310 2808 417 2882 quoque
430 2812 594 2882 spoliauit.
619 2832 697 2866 xxxv.
714 2828 725 2866 1
741 2814 901 2882 uterumque
913 2812 981 2867 uita
988 2814 1105 2883 pariter
1115 2829 1148 2866 ac
1159 2828 1246 2882 regno

93 2882 227 2952 spoliat.
298 2887 333 2937 in
344 2887 442 2938 Isidis
453 2884 568 2952 templo.
583 2883 692 2938 Callim.
706 2885 760 2952 Ep.
776 2895 816 2951 57.
833 2899 843 2937 1
858 2883 967 2952 Ἰναχίης
978 2884 1091 2951 ἔστησεν
1102 2882 1130 2936 ε’ν
1136 2880 1244 2937 Ἴσιδος.

93 2957 163 3007 622.
181 2970 308 3022 memor,
321 2964 351 3008 ut
370 2954 507 3009 memoria
524 2953 591 3008 facti
610 2964 685 3008 extet
699 2953 879 3022 ‘recording'
891 2953 952 3008 siue
965 2952 1011 3007 ‘in
1030 2954 1130 3008 record
1149 2952 1182 3006 of
1196 2954 1246 3007 the

93 3026 195 3078 event'
269 3027 305 3079 10
324 3025 365 3079 sic
377 3029 388 3077 l
400 3034 528 3094 correpta
546 3025 647 3094 legitur
660 3027 729 3080 Her.
741 3025 794 3079 xiv.
809 3040 856 3088 103
873 3025 951 3093 Quae
965 3025 1019 3078 tibi
1032 3041 1118 3079 causa
1126 3024 1247 3094 fugae?

93 3095 167 3165 quid
182 3096 215 3149 Io
229 3094 312 3166 freta
332 3096 418 3168 longa
437 3099 598 3167 pererras?
629 3096 816 3167 ‘quamquam
837 3095 948 3148 libellus
970 3094 1032 3160 iste,
1054 3094 1144 3165 qualis
1169 3111 1246 3148 nunc

94 3165 210 3236 quidem
228 3167 322 3235 fertur,
341 3167 414 3221 adeo
432 3167 524 3222 omnis
548 3166 659 3236 generis
684 3166 798 3237 ineptiis
823 3165 1062 3235 dissonantiisque
1080 3174 1179 3234 scatet,
1198 3164 1246 3219 uix

94 3236 251 3307 quidquam
274 3247 305 3292 ut
332 3236 479 3305 indignum
507 3237 636 3292 uideatur
663 3237 723 3292 eius
745 3238 877 3292 auctore!
923 3238 990 3290 Luc.
1012 3236 1132 3290 Mueller
1153 3236 1190 3290 de
1214 3254 1247 3291 re

95 3308 218 3362 Mettica
244 3324 270 3377 p.
291 3320 351 3377 247,
376 3325 498 3378 quocum
518 3308 586 3363 facit
604 3309 689 3363 etiam
708 3310 741 3363 A.
763 3309 883 3363 Palmer.
921 3307 979 3362 Sed
1000 3306 1029 3360 in
1052 3306 1142 3360 Ibidis
1161 3324 1245 3361 uersu

93 3377 221 3432 nonnulli
234 3378 346 3432 codices
358 3379 464 3433 habent
477 3381 531 3434 ion.
565 3380 607 3434 Cf.
620 3381 710 3434 Varro
725 3381 757 3442 L.
770 3381 800 3434 L.
814 3378 870 3434 viii.
884 3393 917 3432 22
930 3378 1017 3432 huius
1028 3377 1209 3431 Artemidori
1218 3382 1248 3447 et

94 3448 182 3502 huius
190 3449 303 3503 Ionr'set
310 3448 584 3519 huiusEplresii:sic
591 3451 623 3504 in
632 3451 740 3504 casz'bus
748 3451 824 3505 alir's.
844 3451 908 3519 Quo
918 3458 1036 3517 retento,
1044 3447 1206 3519 scriptoque
1216 3448 1246 3503 in

95 3536 122 3573 u.
131 3519 182 3572 621
192 3520 320 3573 Isindius
328 3520 373 3573 uel
381 3520 509 3588 Sindr'us,
520 3520 560 3574 sic
573 3520 809 3591 interpretaberis,
817 3530 847 3575 ut
861 3520 960 3575 credas
973 3519 1112 3574 Isindium
1121 3519 1246 3590 aliquem

96 3589 207 3659 (steph.
229 3591 262 3644 B.
278 3588 399 3658 Ἴσινδος,
419 3593 495 3645 πόλις
515 3589 620 3646 Ἰωνίας.
655 3594 669 3644 ό
690 3593 799 3660 πολίτης
817 3591 1001 3661 Ἰσίνδιοςγοί.
1024 3609 1046 3647 s.
1060 3608 1086 3645 u.
1102 3587 1247 3660 Ἀμθλαδα

95 3670 123 3714 et
136 3659 233 3728 Σινδία)
246 3660 387 3729 hospitem
400 3661 540 3715 Aethalon
558 3663 603 3716 uel
616 3663 731 3717 Attalon
745 3662 884 3718 occidisse
896 3682 903 3729 ;
927 3662 1006 3717 cuius
1024 3661 1091 3717 facti
1104 3679 1246 3717 memores

96 3732 182 3784 Ionas
212 3747 230 3785 a
257 3731 330 3784 sesto
361 3730 561 3786 Panioniorum
594 3732 716 3787 isindios
746 3734 881 3788 arcuisse.
929 3733 1068 3789 Panionia
1098 3733 1247 3789 Strabonis

95 3811 189 3856 aetate
204 3801 333 3855 nondum
350 3801 448 3857 haberi
462 3802 603 3857 desierant
617 3805 676 3872 384,
689 3805 762 3873 639:
785 3806 818 3860 cf.
834 3804 963 3859 Philostr.
977 3805 1036 3861 Vit.
1048 3806 1180 3875 Apollon.
1197 3819 1246 3873 143

94 3889 122 3953 p.
135 3873 170 3926 66
185 3874 304 3941 Kayser.
445 3876 514 3941 623,
526 3877 555 3928 4.
571 3874 698 3929 Historia
712 3893 747 3930 ex
760 3876 884 3945 Odyssia
903 3886 1025 3946 sumpta,
1037 3876 1137 3931 leuiter
1149 3887 1247 3931 tamen

95 3953 258 3998 immutata:
277 3958 392 4007 parens
405 3942 481 3997 enim
493 3943 540 3998 hic
552 3955 595 4000 est
608 3946 722 4016 quaein
737 3946 860 4016 Odyssia
873 3948 986 4002 nutrix.
1053 3951 1122 4002 623.
1140 3950 1247 4012 voque

95 4015 228 4084 Vlyssem
246 4017 384 4069 tenebris
405 4017 556 4070 latentem
576 4033 597 4071 a
616 4020 799 4072 Melanthea
815 4021 909 4072 caede
931 4027 1143 4073 conuertentem
1164 4036 1195 4072 se
1217 4017 1244 4071 in

95 4085 287 4139 obscuriorem
311 4095 421 4155 partem
444 4085 507 4140 atrii
532 4103 577 4156 ne,
601 4087 625 4142 si
650 4088 762 4158 agnitus
786 4088 893 4157 fuisset,
918 4088 1120 4157 intelligeretur
1142 4088 1245 4143 caedes

44 4183 48 4186 ’
95 4171 181 4224 quam
196 4155 354 4210 Melanthio
368 4156 495 4226 parabat,
514 4160 585 4223 ipsa
602 4175 716 4224 parens
732 4159 863 4214 Anticlea
880 4163 1022 4225 prodidit
1034 4159 1170 4216 indicauit
1183 4159 1247 4230 quis

96 4236 171 4281 esset
192 4229 295 4281 officio
315 4231 446 4283 luminis
467 4245 531 4282 cum
553 4230 608 4284 foci
630 4229 736 4285 lumine
758 4230 918 4286 cicatricem
941 4230 1067 4285 uidisset.
1174 4233 1247 4287 623.

24 4301 28 4309 '
95 4299 286 4352 Melanthea.
324 4298 497 4373 Melanthius
521 4299 582 4355 siue
609 4302 789 4356 Melantheus
812 4303 878 4372 (Od.
901 4302 964 4357 xvii.
985 4317 1036 4356 212
1061 4301 1116 4357 υἱὸς
1140 4302 1248 4354 Δολίοιο

96 4367 256 4435 Μελανθεύς)
276 4368 418 4438 caprarius
437 4370 546 4440 Vlyssis
569 4389 653 4441 quem
675 4390 739 4427 cum
760 4372 870 4428 ancillis
890 4374 1047 4443 Penelopes
1066 4374 1183 4443 Vlysses
1206 4372 1247 4427 in-

95 4437 205 4502 terfecit
229 4438 283 4493 Od.
302 4439 365 4494 xxii.
384 4453 445 4507 474.
516 4448 663 4512 tenebris,
682 4461 749 4498 nam
766 4455 796 4499 ut
815 4446 879 4499 soco
896 4444 1046 4500 adsidebat
1065 4445 1192 4514 Vlysses,
1209 4444 1247 4500 ad

96 4511 228 4566 tenebras
248 4527 278 4567 se
297 4512 443 4583 conuertit,
462 4529 498 4569 ne
515 4525 715 4584 agnosceretur
731 4515 863 4573 cicatrice
880 4517 948 4573 dum
965 4533 983 4572 a
1000 4515 1109 4573 nutrice
1128 4517 1248 4574 lauatur.
