3082 4980
223 379 241 418 x
325 337 328 339 ’
663 358 910 421 rnannnrro.

225 537 285 595 quo
299 519 446 579 Domitius
464 520 621 579 Ascensius
642 520 776 580 Zarottus
792 521 949 581 Trasillum
967 522 1015 581 uel
1032 522 1183 582 Prasillum
1202 521 1372 593 ediderant3

224 627 282 688 512
298 622 375 673 recte
390 614 427 672 de
442 613 593 673 Simonide
607 614 754 688 intellexit,
769 614 850 693 quod
864 627 932 675 ante
947 635 1014 675 eum
1030 616 1167 676 fefellerat
1181 634 1293 676 omnes.

264 708 365 766 Vnum
379 708 550 785 Leopardus
569 705 662 785 Belga
681 709 761 785 quod
782 710 859 782 certi,
880 729 972 769 unum
990 710 1071 790 quod
1090 729 1162 770 uero
1185 710 1276 769 simile
1297 719 1374 768 esset
1390 770 1392 773 ,

224 802 324 862 adtulit
346 804 376 862 in
396 802 662 863 Emendationibus
683 805 767 863 editis
791 815 858 881 post
880 814 1005 864 mortem
1025 825 1050 864 a.
1070 808 1156 880 1568,
1181 804 1250 863 illud
1274 815 1373 863 tamen

222 909 284 956 tam
308 898 425 973 egregie
448 907 481 956 ut
505 908 601 958 cetera
623 917 690 957 eum
719 900 830 958 mireris
857 900 982 958 latuisse.
1025 899 1103 959 Nam
1126 919 1153 959 u.
1179 913 1236 975 539
1260 909 1372 957 mutato

118 985 120 987 '
223 991 347 1067 Myrrae
360 992 390 1049 in
407 991 498 1068 Cyrae
516 992 611 1052 lucem
631 992 697 1051 loco
714 993 818 1052 offudit
837 994 887 1052 ubi
906 1004 972 1053 ante
992 1013 1059 1052 eum
1078 993 1178 1053 omnia
1198 995 1227 1052 in
1246 995 1372 1052 obscuro

223 1095 314 1144 erant.
356 1085 453 1162 Magis
472 1087 582 1146 incerta
601 1097 667 1146 sunt
687 1105 761 1165 quae
781 1087 817 1147 de
835 1087 959 1148 Biothea
977 1090 1128 1166 proposuit
1145 1108 1173 1148 u.
1190 1102 1258 1163 517,
1276 1089 1327 1147 sed
1342 1096 1373 1145 ut

223 1181 345 1238 aliorum
365 1181 538 1240 coniecturis
558 1182 595 1240 de
614 1182 822 1241 obscurissimo
840 1200 926 1241 uersu
946 1183 1029 1242 facile
1046 1183 1195 1242 excellant.
1240 1168 1372 1258 Reliquis

223 1274 254 1331 in
273 1272 346 1333 locis
368 1292 443 1350 quos
463 1275 493 1332 in
515 1274 780 1334 Emendationibus
802 1279 933 1336 tractauit
953 1295 1023 1336 uera
1044 1278 1102 1335 iam
1123 1276 1235 1353 pridem
1257 1277 1373 1335 innotu-

224 1378 321 1426 erant:
350 1368 467 1428 laudem
492 1379 591 1428 tamen
616 1369 703 1427 etiam
727 1371 757 1428 ln
781 1369 826 1430 his
847 1371 965 1430 meritus
986 1379 1038 1443 est,
1060 1371 1109 1447 qui
1130 1372 1262 1430 historias
1283 1371 1373 1429 fusius

223 1462 387 1521 enarrando
409 1474 437 1523 et
461 1482 497 1522 ex
523 1463 621 1522 multis
647 1464 841 1540 scriptoribus,
865 1466 1033 1543 praesertim
1055 1465 1183 1537 Graecis,
1204 1475 1301 1524 uetera
1325 1465 1372 1523 illa

222 1566 252 1615 et
272 1557 403 1633 explosa·
422 1558 549 1617 necdum
574 1557 689 1630 abolita,
711 1559 826 1634 penitus
847 1561 996 1618 amouerit.
1045 1558 1124 1620 Nam
1145 1558 1315 1635 Leopardus
1336 1577 1372 1616 ea

222 1650 309 1709 etiam
330 1661 424 1711 aetate
443 1671 518 1728 quae
532 1651 694 1711 Victoriam
715 1652 889 1712 Turnebum
911 1653 1059 1713 Muretum
1080 1653 1175 1713 tulerit
1194 1654 1301 1730 dignus
1321 1653 1372 1730 qui

222 1745 323 1822 primis
336 1747 590 1820 adnumeraretur3
611 1748 690 1806 unde
710 1747 780 1806 nihil
797 1748 858 1807 fere
877 1749 991 1826 scripsit
1011 1748 1092 1826 quod
1111 1766 1172 1806 non
1191 1747 1278 1807 hodie
1298 1765 1371 1824 quo-

222 1859 279 1917 que
294 1842 390 1900 bonae
407 1842 498 1919 frugis
517 1844 553 1901 sit
572 1842 768 1901 iudicandum.
812 1841 897 1914 Quae
917 1844 1002 1919 igitur
1018 1852 1085 1902 ante
1104 1842 1292 1919 Leopardum
1312 1843 1371 1899 iam

224 1934 357 2011 Micyllus
371 1936 490 2006 uiderat,
505 1936 598 1994 multo
615 1934 723 2012 largius
743 1936 913 2013 doctiusque
927 1936 1007 2014 apud
1021 1936 1208 2021 Leopardum
1223 1937 1371 2005 inuenies;

223 2048 299 2106 quae
324 2028 495 2105 Leopardus
520 2029 629 2101 adtulit,
657 2030 689 2087 in
715 2029 864 2106 Saluagnii
892 2032 1102 2090 commentario
1129 2031 1266 2109 pleraque
1291 2048 1371 2089 com-

220 2131 330 2200 parent

263 2215 343 2275 Nihil
364 2215 519 2288 Victorius,
545 2216 643 2294 aliqua
664 2216 819 2278 Turnebus
844 2238 878 2278 ac
905 2219 1050 2293 Schottus‚
1074 2239 1165 2279 unum
1190 2219 1370 2295 alterumque

223 2311 366 2388 Iosephus
389 2309 543 2388 Scaliger,*
566 2311 604 2370 ad
624 2311 677 2370 has
697 2313 853 2372 soluendas
872 2315 1012 2390 ambages
1033 2316 1172 2374 contulit:
1199 2331 1260 2372 non
1279 2313 1371 2372 multa

224 2406 367 2476 Sanctius,
382 2406 432 2482 qui
447 2405 566 2464 nimium
587 2405 641 2464 sibi
655 2405 745 2464 defuit
763 2407 793 2465 in
808 2408 1028 2468 Commentario
1043 2428 1131 2486 quern
1151 2411 1181 2467 in
1198 2409 1264 2466 Ibin
1279 2408 1370 2467 edidit

222 2500 416 2560 Salmanticae
433 2502 520 2575 1598,
536 2500 590 2558 etsi
609 2500 719 2576 primus
735 2500 849 2560 uidetur
862 2501 1060 2579 Astacidaeque
1076 2504 1106 2560 in
1123 2516 1180 2577 515
1203 2503 1369 2562 restituisse.

222 2595 327 2672 Neque
353 2592 496 2653 Hercules
520 2592 662 2653 Ciofanus
687 2592 897 2667 Sulmonensis‚
922 2598 967 2655 uir
988 2598 1025 2656 de
1046 2607 1238 2656 conterraneo
1260 2595 1369 2655 Ouidio

221 2691 332 2767 optime
360 2689 487 2761 meritus,
515 2689 669 2766 praecipue
697 2690 727 2747 in
756 2689 1052 2768 Metamorphosibus‚
1077 2693 1107 2750 in
1136 2691 1219 2751 Ibide
1245 2692 1369 2749 multum
1453 2680 1456 2685 ⁴

220 2785 307 2844 studii
321 2783 427 2862 posuit,
437 2801 617 2860 quamquam
631 2783 739 2842 codicis
752 2783 902 2844 Maffeiani
916 2786 1063 2858 lectiones,
1075 2804 1183 2864 easque
1197 2785 1369 2854 mediocres,

220 2899 327 2958 operae
342 2879 443 2937 habuit
462 2878 583 2950 adferre,
604 2879 836 2956 opusculumque
856 2899 940 2940 suum
961 2880 1078 2941 Mureto
1097 2880 1202 2939 iuniori
1223 2879 1369 2939 dedicauit

220 2995 246 3036 a.
263 2978 350 3050 1580.
397 2973 568 3032 Editionem
582 2972 605 3031 Ι.
621 2972 755 3033 Mercerii
769 2992 836 3032 cum
851 2987 1009 3035 comment.
1024 2974 1114 3034 Paris.
1132 2977 1207 3048 1568
1223 2993 1285 3032 non
1299 2974 1368 3032 uidi.

261 3068 407 3146 Insignior
420 3066 465 3126 his
479 3086 570 3145 opera
586 3067 638 3126 fuit
649 3067 756 3128 Valerii
770 3069 907 3128 Andreae
921 3069 1053 3140 Desselii,
1069 3068 1269 3139 Louaniensis,
1285 3068 1368 3128 cuius

219 3166 249 3224 in
264 3165 330 3223 Ibin
345 3162 510 3222 notationes
525 3162 629 3222 additis
645 3161 807 3221 Sanctianis
820 3163 999 3239 Antuerpiae
1013 3162 1182 3239 prodierunt
1196 3181 1274 3221 anno
1290 3165 1366 3220 1618

218 3279 296 3321 cum*
315 3258 413 3318 electis
438 3256 719 3333 Metamorphoseon
747 3257 847 3317 lacobi
875 3257 1008 3315 Pontani.
1059 3256 1118 3316 Hic
1143 3257 1368 3316 commentarius

219 3357 256 3430 76
286 3354 409 3431 paginas
437 3352 599 3424 continens,
628 3352 748 3429 scriptas
776 3353 888 3415 duabus
915 3352 1043 3428 singulas
1074 3351 1226 3423 columnis,
1255 3363 1369 3428 praeter

218 3441 447 3524 Saluagnianum
471 3446 561 3522 longe
586 3446 714 3521 optimus
738 3464 756 3505 a
780 3464 828 3504 me
852 3440 983 3505 habefur.
1026 3445 1093 3505 Fuit
1116 3445 1263 3505 Desselius
1287 3447 1368 3506 iuris-

218 3543 376 3612 consultus
388 3539 545 3617 discipulus
560 3539 637 3597 idem
650 3540 784 3599 Andreae
797 3539 1116 3617 Schotti‚'praeceptore
1130 3559 1188 3600 suo
1198 3559 1260 3599 non
1275 3541 1368 3619 indig·
1406 3555 1418 3569 ¹

217 3657 281 3709 nus,
304 3636 328 3695 si
348 3634 540 3694 eruditionem
561 3644 676 3710 spectes
683 3653 692 3708 ;
721 3652 790 3693 nam
810 3645 905 3695 cetera
923 3653 984 3694 non
1005 3646 1086 3695 erant
1105 3654 1142 3695 ex
1161 3653 1266 3712 aequo.
1309 3635 1368 3696 Sed

217 3733 354 3792 Pontano
376 3729 561 3805 degrauatus,
583 3728 666 3787 cuius
690 3727 761 3788 liber
782 3738 825 3787 est
847 3732 906 3804 655
931 3730 1112 3805 paginarum,
1133 3730 1164 3788 in
1188 3730 1367 3806 profundum

216 3827 295 3897 abiit,
314 3834 401 3900 atque
420 3821 508 3881 hodie
526 3840 621 3898 paene
640 3822 758 3897 ignotus
774 3831 826 3881 est.
868 3822 916 3883 Ne
936 3824 1021 3882 nobis
1041 3824 1160 3900 quidem
1178 3823 1298 3883 facultas
1314 3822 1368 3884 fuit

215 3938 292 3997 opus
307 3919 368 3979 eius
383 3917 555 3994 inspiciendi
570 3917 625 3975 nisi
639 3927 707 3994 post
722 3919 885 3994 inpressum
901 3917 1151 3977 Commentarium
1165 3929 1194 3977 et
1208 3919 1366 3991 Excursus,

216 4014 304 4090 idque
319 4012 523 4072 beneuolentia
541 4010 663 4070 Henrici
680 4011 849 4090 Bradshaw‚
860 4013 911 4089 qui
932 4031 968 4070 ex
986 4012 1168 4072 Bibliotheca
1182 4011 1365 4089 Cantabrigi-

216 4109 277 4167 ensi
299 4108 403 4184 ingens
424 4106 564 4166 uolumen
585 4116 613 4166 et
635 4106 685 4165 diu
707 4106 872 4183 neglectum
894 4108 1043 4182 protraxit.
1087 4107 1160 4166 Sunt
1181 4116 1280 4166 tamen
1305 4126 1367 4166 non

215 4221 310 4278 pauca
330 4203 367 4260 ab
388 4201 445 4260 hoc
467 4202 562 4278 primo
584 4201 703 4259 inuenta
726 4220 801 4278 quae
824 4200 981 4278 Saluagnio
1005 4202 1175 4278 plerumque
1196 4203 1366 4287 tribuuntur,

215 4297 370 4373 praecipue
391 4307 563 4373 sumptaex
584 4295 705 4355 Graecis
724 4295 918 4372 Lycophrone
935 4297 1095 4372 Apollonio
1110 4296 1366 4376 AthenaeoCalli-

563 4413 577 4445 *
594 4411 630 4459 Sic
642 4410 741 4475 restituit
751 4411 906 4473 Leoprepidae
917 4427 940 4461 u.
953 4424 1008 4474 512.
