3082 4980
731 378 862 442 IBIS.

304 573 424 636 Tincta
447 571 640 653 Lycambeo
662 573 822 653 sanguine
845 571 911 633 tela
934 570 1037 633 dabit.

221 724 222 729 κ
244 684 359 753 ,Nunc
382 704 449 765 quo
473 683 646 746 Battiades
669 683 840 747 inimicum
864 683 1007 746 deuouet
1031 680 1116 756 Ibin,

307 797 383 859 Hoc
407 816 468 877 ego
491 795 641 858 deuoueo
660 803 760 875 teque
782 803 923 876 tuosque
947 793 1057 856 modo,

261 906 375 988 thue
397 904 462 984 ille,
484 905 628 969 historiis
651 905 821 969 inuoluam
844 906 989 969 carmina
1011 903 1126 981 caecis,

306 1020 384 1081 Non
399 1017 535 1080 ¹soleam
557 1018 711 1099 quamuis
733 1016 796 1081 hoc
818 1037 923 1099 genus
947 1017 1017 1099 ipse
1040 1016 1143 1097 sequi.

263 1128 355 1192 Illius
378 1130 537 1212 ambages
560 1129 709 1192 imitatus
731 1129 765 1192 in
790 1129 885 1192 Ibide
908 1129 1008 1203 dicar,

306 1240 440 1306 Oblitus
463 1241 562 1304 moris
585 1241 761 1323 iudiciique
785 1242 859 1304 mei.

263 1353 308 1414 Et
331 1353 488 1434 quoniam
511 1353 567 1434 qui
590 1353 634 1415 sis
657 1354 805 1416 nondum
829 1352 1063 1435 quaerentibus
1086 1352 1159 1425 edo,

307 1465 412 1528 Ibidis
434 1466 560 1528 interea
582 1474 619 1528 tu
642 1485 776 1547 quoque
798 1485 920 1528 nomen
943 1463 1039 1528 habe.

262 1575 376 1657 thue
400 1577 464 1638 mei
489 1597 603 1640 uersus
626 1576 834 1658 aliquantum
858 1577 963 1640 noctis
984 1575 1166 1650 habebunt,

246 1696 249 1701 ’
306 1686 362 1751 Sic
384 1688 474 1751 uitae
496 1690 596 1751 series
618 1697 690 1752 tota
713 1689 756 1751 sit
778 1697 850 1751 atra
873 1697 960 1751 tuae.

265 1800 361 1862 Haec
383 1800 444 1862 tibi
467 1800 570 1863 natali
593 1800 694 1864 facito
719 1801 858 1882 Ianique
881 1798 1055 1875 Kalendis,

307 1913 386 1974 Non
409 1911 588 1976 mentituro
611 1912 751 1993 quilibet
774 1933 832 1975 ore
854 1911 953 1994 legat.

149 2111 157 2125 ’
265 2119 310 2181 Ι)ἰ
334 2119 432 2182 maris
455 2127 488 2181 et
510 2126 626 2196 terrae,
649 2119 772 2201 quique
794 2119 845 2182 his
869 2118 1004 2181 meliora
1026 2115 1147 2180 tenetis

308 2229 400 2292 Inter
423 2229 573 2292 diuersos.
593 2249 668 2292 cum
692 2231 773 2293 Ioue
795 2251 895 2313 regna
918 2230 1023 2314 polos,

265 2341 342 2404 Huc
366 2360 481 2422 precor
501 2341 566 2404 huc
590 2350 718 2405 uestras
741 2363 857 2405 omnes
879 2343 1043 2405 aduertite
1069 2349 1206 2413 mentes,

308 2453 355 2516 Et
378 2453 476 2516 sinite
499 2454 623 2534 optatis
646 2454 777 2535 pondus
799 2455 906 2517 inesse
930 2455 1021 2517 meis¹

266 2565 412 2647 Ipsaque
434 2573 471 2627 tu
494 2564 600 2638 tellus,
625 2565 732 2646 ipsum
757 2586 832 2629 cum
855 2565 1009 2629 fluctibus
1031 2585 1162 2646 aequor,

310 2676 389 2758 Ipse
411 2696 503 2739 meas
526 2677 641 2739 aether
663 2677 775 2760 accipe
798 2697 927 2740 summe
950 2698 1073 2760 preces.

267 2787 450 2871 Sideraque
473 2796 506 2851 et
530 2788 628 2851 radiis
652 2789 854 2852 circumdata
877 2788 954 2851 solis
978 2789 1098 2871 imago,

309 2900 471 2983 Lunaque
495 2921 581 2981 quae
604 2919 785 2981 numquam
809 2921 875 2980 quo
898 2900 987 2981 prius
1010 2900 1090 2963 orbe
1113 2900 1234 2975 micas3

259 3072 302 3120 54.
323 3055 409 3110 Dicta
421 3060 444 3109 P
456 3075 491 3108 an
506 3057 621 3110 Ducta?
716 3054 856 3110 licambeo
869 3056 936 3109 codd.
1033 3054 1163 3109 licanbeo
1177 3055 1206 3106 F.

260 3183 291 3232 55
312 3171 375 3223 citat
394 3168 526 3222 Conradus
544 3189 566 3220 s.
585 3190 610 3222 a.
625 3169 742 3222 Bathus.
817 3169 883 3222 NG
955 3184 1067 3237 quoque
1080 3168 1138 3218 ΗΧ
1213 3163 1343 3219 batiades
1357 3166 1382 3215 T

222 3237 367 3293 balciades
381 3240 427 3292 FG
504 3238 703 3295 baeiadesPV
775 3238 933 3293 bachiades
943 3240 1001 3290 ΗΧ
1070 3236 1229 3306 bathyades
1243 3237 1375 3289 Conradus

224 3309 320 3367 ibinG
427 3308 496 3362 ibim
509 3310 609 3362 HFVX
713 3309 813 3362 ibrPr.

259 3382 303 3445 5⁶·
322 3396 434 3450 quoque
442 3392 491 3449 pro
504 3396 557 3448 ego
571 3384 593 3435 Τ
695 3379 796 3438 modos
809 3383 846 3433 X.

259 3465 300 3515 57.
321 3458 350 3503 vt
363 3451 392 3501 H
495 3449 599 3504 istoriis
613 3452 636 3503 G
743 3451 862 3504 crimina
874 3456 904 3506 P.

260 3525 302 3601 58.¹
323 3520 460 3589 Quamuis
473 3538 531 3574 non
544 3522 652 3575 soleam
667 3522 690 3573 G
773 3522 849 3591 loqui
862 3527 939 3576 etiam
954 3525 986 3588 G,
998 3523 1043 3574 sed
1052 3523 1127 3574 habet
1138 3523 1164 3573 in
1177 3517 1376 3593 marginelloq

224 3607 523 3742 “iif'rnqrcuquen

261 3734 305 3785 61.
323 3748 371 3802 qur
383 3733 439 3784 PX
449 3735 502 3785 Vat.
593 3732 655 3802 quis
670 3734 775 3791 GHMr
860 3735 987 3789 nondum
1001 3735 1063 3806 quis
1077 3733 1115 3788 sis
1129 3734 1162 3786 G.

260 3806 304 3859 ⁶2.
323 3802 412 3856 habes
425 3805 456 3855 P.

260 3878 304 3940 64.
323 3872 410 3928 series
423 3873 481 3928 uite
493 3875 521 3925 1².

220 4004 223 4011 ⁸
261 3950 305 4012 ⁶5·
323 3946 394 3999 festo
406 3943 529 4014 panique
544 3946 567 3998 G
674 3945 787 4015 iamque
800 3948 834 3999 H.

261 4021 304 4082 67.
325 4018 430 4084 Signum
445 4018 610 4086 paragraphi
621 4017 685 4070 sin
699 4019 722 4070 G
736 4021 789 4071 Vat.
828 4022 858 4072 In
877 4020 1054 4073 Taocabulam
1069 4016 1118 4070 Dii
1130 4018 1243 4071 caeruleo
1255 4035 1286 4068 ac
1299 4014 1376 4068 rubro

224 4090 304 4143 colore
315 4088 461 4141 distinctum
473 4099 497 4140 et
509 4089 581 4142 solito
593 4090 677 4142 maius
689 4099 733 4143 est.
809 4089 856 4143 Dii
870 4091 937 4143 codd.
1010 4089 1064 4143 hiis
1079 4091 1133 4142 GX
1203 4087 1246 4140 his
1259 4087 1286 4137 Τ.

261 4162 305 4226 ⁶9·
325 4160 409 4212 Nunc
422 4174 522 4228 precor
536 4162 580 4213 Gr
685 4177 784 4216 omnes
797 4171 906 4216 uestras
920 4162 946 4212 V
952 4162 1050 4214 Riesius
1170 4168 1281 4213 nostras
1295 4160 1376 4211 PVat.

225 4229 381 4292 auertiteP
487 4229 617 4288 diuertite
630 4236 722 4285 Parm.
785 4248 796 4253 “

262 4318 303 4366 7²·
323 4303 389 4370 bees
405 4302 464 4359 Fut
477 4304 582 4357 uidetur.

262 4390 303 4438 73.
313 4371 487 4476 ,Fsslssundata
501 4375 525 4424 F
626 4390 729 4444 ymago
742 4375 796 4427 HV.
