<?xml version="1.0" encoding="UTF-8"?>
<!DOCTYPE html PUBLIC "-//W3C//DTD XHTML 1.0 Transitional//EN"
    "http://www.w3.org/TR/xhtml1/DTD/xhtml1-transitional.dtd">
<html xmlns="http://www.w3.org/1999/xhtml" xml:lang="en" lang="en">
 <head>
  <title>
</title>
<meta http-equiv="Content-Type" content="text/html;charset=utf-8" />
  <meta name='ocr-system' content='tesseract 3.04.00' />
  <meta name='ocr-capabilities' content='ocr_page ocr_carea ocr_par ocr_line ocrx_word'/>
</head>
<body>
  <div class='ocr_page' id='page_1' title='image "./povidiinasonisi00ovidgoog_0116.png"; bbox 0 0 3126 4980; ppageno 0'>
   <div class='ocr_carea' id='block_1_1' title="bbox 650 399 1310 465">
    <p class='ocr_par' dir='ltr' id='par_1_1' title="bbox 650 399 1310 465">
     <span class='ocr_line' id='line_1_1' title="bbox 650 399 1310 465; baseline 0.008 -6"><span class='ocrx_word' id='word_1_1' title='bbox 650 399 695 459; x_wconf 93' lang='lat' dir='ltr'><strong>IN</strong></span> <span class='ocrx_word' id='word_1_2' title='bbox 724 400 821 464; x_wconf 87' lang='lat' dir='ltr'><strong>IBIN.</strong></span> <span class='ocrx_word' id='word_1_3' title='bbox 1272 410 1310 465; x_wconf 85' lang='grc'><strong>47</strong></span> 
     </span>
    </p>
   </div>
   <div class='ocr_carea' id='block_1_2' title="bbox 128 558 1327 3492">
    <p class='ocr_par' dir='ltr' id='par_1_2' title="bbox 158 558 1315 717">
     <span class='ocr_line' id='line_1_2' title="bbox 202 558 1315 638; baseline 0.004 -21"><span class='ocrx_word' id='word_1_4' title='bbox 202 578 270 619; x_wconf 85' lang='lat'>212.</span> <span class='ocrx_word' id='word_1_5' title='bbox 291 558 383 618; x_wconf 89' lang='lat' dir='ltr'><strong>fuere</strong></span> <span class='ocrx_word' id='word_1_6' title='bbox 404 559 500 619; x_wconf 87' lang='lat' dir='ltr'><strong>loco:</strong></span> <span class='ocrx_word' id='word_1_7' title='bbox 526 566 557 617; x_wconf 94' lang='lat' dir='ltr'><strong>ut</strong></span> <span class='ocrx_word' id='word_1_8' title='bbox 578 569 675 618; x_wconf 90' lang='lat' dir='ltr'><strong>essent</strong></span> <span class='ocrx_word' id='word_1_9' title='bbox 695 559 825 636; x_wconf 86' lang='lat' dir='ltr'><strong>benigni.</strong></span> <span class='ocrx_word' id='word_1_10' title='bbox 867 561 904 619; x_wconf 94' lang='lat' dir='ltr'><strong>In</strong></span> <span class='ocrx_word' id='word_1_11' title='bbox 924 559 983 622; x_wconf 92' lang='lat' dir='ltr'><strong>hoc</strong></span> <span class='ocrx_word' id='word_1_12' title='bbox 1002 570 1074 621; x_wconf 84' lang='lat' dir='ltr'><strong>nota</strong></span> <span class='ocrx_word' id='word_1_13' title='bbox 1092 561 1174 638; x_wconf 93' lang='lat' dir='ltr'><strong>quod</strong></span> <span class='ocrx_word' id='word_1_14' title='bbox 1194 561 1263 621; x_wconf 89' lang='lat' dir='ltr'><strong>luna</strong></span> <span class='ocrx_word' id='word_1_15' title='bbox 1282 570 1315 622; x_wconf 82' lang='lat' dir='ltr'><strong>et</strong></span> 
     </span>
     <span class='ocr_line' id='line_1_3' title="bbox 158 639 1271 717; baseline 0 -16"><span class='ocrx_word' id='word_1_16' title='bbox 158 643 203 702; x_wconf 86' lang='lat' dir='ltr'><strong>sol</strong></span> <span class='ocrx_word' id='word_1_17' title='bbox 216 642 378 700; x_wconf 90' lang='lat' dir='ltr'><strong>mediocres</strong></span> <span class='ocrx_word' id='word_1_18' title='bbox 393 651 468 700; x_wconf 79' lang='lat' dir='ltr'><strong>sunt.</strong></span> <span class='ocrx_word' id='word_1_19' title='bbox 511 639 591 700; x_wconf 89' lang='lat' dir='ltr'><strong>Nam</strong></span> <span class='ocrx_word' id='word_1_20' title='bbox 604 660 658 717; x_wconf 92' lang='lat' dir='ltr'><strong>per</strong></span> <span class='ocrx_word' id='word_1_21' title='bbox 672 642 888 700; x_wconf 90' lang='lat' dir='ltr'><strong>adiunctionem</strong></span> <span class='ocrx_word' id='word_1_22' title='bbox 902 643 975 702; x_wconf 90' lang='lat' dir='ltr'><strong>fiunt</strong></span> <span class='ocrx_word' id='word_1_23' title='bbox 989 644 1060 702; x_wconf 91' lang='lat' dir='ltr'><strong>boni</strong></span> <span class='ocrx_word' id='word_1_24' title='bbox 1074 653 1102 702; x_wconf 92' lang='lat' dir='ltr'><strong>et</strong></span> <span class='ocrx_word' id='word_1_25' title='bbox 1117 643 1199 702; x_wconf 83' lang='lat' dir='ltr'><strong>mali·</strong></span> <span class='ocrx_word' id='word_1_26' title='bbox 1238 643 1271 704; x_wconf 88' lang='lat' dir='ltr'><strong>C.</strong></span> 
     </span>
    </p>

    <p class='ocr_par' dir='ltr' id='par_1_3' title="bbox 158 722 1312 876">
     <span class='ocr_line' id='line_1_4' title="bbox 202 722 1312 797; baseline 0.003 -16"><span class='ocrx_word' id='word_1_27' title='bbox 202 743 269 796; x_wconf 85' lang='lat'>214.</span> <span class='ocrx_word' id='word_1_28' title='bbox 290 723 381 782; x_wconf 87' lang='lat' dir='ltr'><strong>Maia</strong></span> <span class='ocrx_word' id='word_1_29' title='bbox 402 723 486 782; x_wconf 91' lang='lat' dir='ltr'><strong>loui.</strong></span> <span class='ocrx_word' id='word_1_30' title='bbox 528 722 691 782; x_wconf 90' lang='lat' dir='ltr'><strong>Mercurius</strong></span> <span class='ocrx_word' id='word_1_31' title='bbox 711 723 890 783; x_wconf 88' lang='lat' dir='ltr'><strong>filius.louis</strong></span> <span class='ocrx_word' id='word_1_32' title='bbox 910 734 940 784; x_wconf 91' lang='lat' dir='ltr'><strong>et</strong></span> <span class='ocrx_word' id='word_1_33' title='bbox 960 724 1059 784; x_wconf 89' lang='lat' dir='ltr'><strong>Maiae</strong></span> <span class='ocrx_word' id='word_1_34' title='bbox 1079 725 1155 785; x_wconf 88' lang='lat' dir='ltr'><strong>filiae</strong></span> <span class='ocrx_word' id='word_1_35' title='bbox 1175 723 1312 797; x_wconf 79' lang='lat' dir='ltr'><strong>Atlantis,</strong></span> 
     </span>
     <span class='ocr_line' id='line_1_5' title="bbox 158 804 1037 876; baseline 0.001 -11"><span class='ocrx_word' id='word_1_36' title='bbox 158 806 240 865; x_wconf 91' lang='lat' dir='ltr'><strong>cuius</strong></span> <span class='ocrx_word' id='word_1_37' title='bbox 256 805 338 864; x_wconf 88' lang='lat' dir='ltr'><strong>stella</strong></span> <span class='ocrx_word' id='word_1_38' title='bbox 351 823 419 864; x_wconf 93' lang='lat' dir='ltr'><strong>cum</strong></span> <span class='ocrx_word' id='word_1_39' title='bbox 433 804 519 864; x_wconf 91' lang='lat' dir='ltr'><strong>bonis</strong></span> <span class='ocrx_word' id='word_1_40' title='bbox 534 806 613 863; x_wconf 89' lang='lat' dir='ltr'><strong>bona</strong></span> <span class='ocrx_word' id='word_1_41' title='bbox 627 814 679 876; x_wconf 91' lang='lat' dir='ltr'><strong>est,</strong></span> <span class='ocrx_word' id='word_1_42' title='bbox 695 822 762 862; x_wconf 89' lang='lat' dir='ltr'><strong>cum</strong></span> <span class='ocrx_word' id='word_1_43' title='bbox 777 804 860 863; x_wconf 91' lang='lat' dir='ltr'><strong>malis</strong></span> <span class='ocrx_word' id='word_1_44' title='bbox 874 805 958 865; x_wconf 85' lang='lat' dir='ltr'><strong>mala.</strong></span> <span class='ocrx_word' id='word_1_45' title='bbox 1003 805 1037 866; x_wconf 91' lang='lat' dir='ltr'><strong>C.</strong></span> 
     </span>
    </p>

    <p class='ocr_par' dir='ltr' id='par_1_4' title="bbox 158 886 1312 1028">
     <span class='ocr_line' id='line_1_6' title="bbox 203 886 1312 966; baseline 0.003 -21"><span class='ocrx_word' id='word_1_46' title='bbox 203 889 270 945; x_wconf 80' lang='lat'><strong>216.</strong></span> <span class='ocrx_word' id='word_1_47' title='bbox 292 898 504 962; x_wconf 91' lang='lat' dir='ltr'><strong>presserunt:</strong></span> <span class='ocrx_word' id='word_1_48' title='bbox 533 886 572 945; x_wconf 90' lang='lat' dir='ltr'><strong>ad</strong></span> <span class='ocrx_word' id='word_1_49' title='bbox 593 886 790 956; x_wconf 78' lang='lat' dir='ltr'><strong>infelicitatem</strong></span> <span class='ocrx_word' id='word_1_50' title='bbox 813 886 1026 947; x_wconf 88' lang='lat' dir='ltr'><strong>inclinauerunt</strong></span> <span class='ocrx_word' id='word_1_51' title='bbox 1048 896 1080 948; x_wconf 90' lang='lat' dir='ltr'><strong>ut</strong></span> <span class='ocrx_word' id='word_1_52' title='bbox 1102 897 1172 966; x_wconf 91' lang='lat' dir='ltr'><strong>pote</strong></span> <span class='ocrx_word' id='word_1_53' title='bbox 1197 888 1312 966; x_wconf 89' lang='lat' dir='ltr'><strong>ponde·</strong></span> 
     </span>
     <span class='ocr_line' id='line_1_7' title="bbox 158 966 879 1028; baseline 0 -1"><span class='ocrx_word' id='word_1_54' title='bbox 158 986 234 1028; x_wconf 90' lang='lat' dir='ltr'><strong>rosa.</strong></span> <span class='ocrx_word' id='word_1_55' title='bbox 280 967 313 1028; x_wconf 87' lang='lat' dir='ltr'><strong>C.</strong></span> <span class='ocrx_word' id='word_1_56' title='bbox 877 966 879 970; x_wconf 49' lang='lat'><strong>⁴</strong></span> 
     </span>
    </p>

    <p class='ocr_par' dir='ltr' id='par_1_5' title="bbox 158 1047 1312 1534">
     <span class='ocr_line' id='line_1_8' title="bbox 200 1047 1311 1127; baseline 0.002 -19"><span class='ocrx_word' id='word_1_57' title='bbox 200 1049 411 1126; x_wconf 82' lang='lat' dir='ltr'><strong>falciferique</strong></span> <span class='ocrx_word' id='word_1_58' title='bbox 433 1049 532 1109; x_wconf 90' lang='lat' dir='ltr'><strong>senis.</strong></span> <span class='ocrx_word' id='word_1_59' title='bbox 574 1048 624 1108; x_wconf 91' lang='lat' dir='ltr'><strong>Ad</strong></span> <span class='ocrx_word' id='word_1_60' title='bbox 643 1048 748 1108; x_wconf 88' lang='lat' dir='ltr'><strong>falcem</strong></span> <span class='ocrx_word' id='word_1_61' title='bbox 766 1049 883 1127; x_wconf 86' lang='lat' dir='ltr'><strong>respicit</strong></span> <span class='ocrx_word' id='word_1_62' title='bbox 900 1047 1030 1111; x_wconf 79' lang='lat' dir='ltr'><strong>Saturni.</strong></span> <span class='ocrx_word' id='word_1_63' title='bbox 1074 1050 1215 1110; x_wconf 89' lang='lat' dir='ltr'><strong>Saturnus</strong></span> <span class='ocrx_word' id='word_1_64' title='bbox 1232 1052 1311 1111; x_wconf 91' lang='lat' dir='ltr'><strong>enim</strong></span> 
     </span>
     <span class='ocr_line' id='line_1_9' title="bbox 158 1131 1311 1209; baseline 0.001 -19"><span class='ocrx_word' id='word_1_65' title='bbox 158 1149 249 1190; x_wconf 84' lang='lat' dir='ltr'><strong>senex</strong></span> <span class='ocrx_word' id='word_1_66' title='bbox 270 1149 322 1207; x_wconf 93' lang='lat' dir='ltr'><strong>per</strong></span> <span class='ocrx_word' id='word_1_67' title='bbox 343 1132 448 1189; x_wconf 91' lang='lat' dir='ltr'><strong>Iouem</strong></span> <span class='ocrx_word' id='word_1_68' title='bbox 469 1150 486 1189; x_wconf 89' lang='lat' dir='ltr'><strong>a</strong></span> <span class='ocrx_word' id='word_1_69' title='bbox 507 1148 600 1207; x_wconf 92' lang='lat' dir='ltr'><strong>regno</strong></span> <span class='ocrx_word' id='word_1_70' title='bbox 621 1132 768 1206; x_wconf 90' lang='lat' dir='ltr'><strong>expulsus,</strong></span> <span class='ocrx_word' id='word_1_71' title='bbox 789 1132 820 1189; x_wconf 91' lang='lat' dir='ltr'><strong>in</strong></span> <span class='ocrx_word' id='word_1_72' title='bbox 843 1131 957 1190; x_wconf 88' lang='lat' dir='ltr'><strong>Italiam</strong></span> <span class='ocrx_word' id='word_1_73' title='bbox 981 1132 1097 1209; x_wconf 90' lang='lat' dir='ltr'><strong>fugiens</strong></span> <span class='ocrx_word' id='word_1_74' title='bbox 1122 1151 1140 1192; x_wconf 88' lang='lat' dir='ltr'><strong>a</strong></span> <span class='ocrx_word' id='word_1_75' title='bbox 1163 1133 1236 1192; x_wconf 89' lang='lat' dir='ltr'><strong>Iano</strong></span> <span class='ocrx_word' id='word_1_76' title='bbox 1261 1133 1311 1208; x_wconf 93' lang='lat' dir='ltr'><strong>qui</strong></span> 
     </span>
     <span class='ocr_line' id='line_1_10' title="bbox 158 1213 1311 1289; baseline 0.002 -18"><span class='ocrx_word' id='word_1_77' title='bbox 158 1214 217 1272; x_wconf 89' lang='lat' dir='ltr'><strong>iam</strong></span> <span class='ocrx_word' id='word_1_78' title='bbox 236 1214 277 1272; x_wconf 91' lang='lat' dir='ltr'><strong>ibi</strong></span> <span class='ocrx_word' id='word_1_79' title='bbox 296 1213 438 1289; x_wconf 84' lang='lat' dir='ltr'><strong>regnabat</strong></span> <span class='ocrx_word' id='word_1_80' title='bbox 456 1223 590 1289; x_wconf 91' lang='lat' dir='ltr'><strong>receptus</strong></span> <span class='ocrx_word' id='word_1_81' title='bbox 610 1222 662 1283; x_wconf 89' lang='lat' dir='ltr'><strong>est,</strong></span> <span class='ocrx_word' id='word_1_82' title='bbox 677 1213 745 1288; x_wconf 89' lang='lat' dir='ltr'><strong>quia</strong></span> <span class='ocrx_word' id='word_1_83' title='bbox 763 1231 831 1271; x_wconf 88' lang='lat' dir='ltr'><strong>eum</strong></span> <span class='ocrx_word' id='word_1_84' title='bbox 851 1213 949 1272; x_wconf 88' lang='lat' dir='ltr'><strong>docuit</strong></span> <span class='ocrx_word' id='word_1_85' title='bbox 967 1233 1054 1272; x_wconf 91' lang='lat' dir='ltr'><strong>usum</strong></span> <span class='ocrx_word' id='word_1_86' title='bbox 1072 1214 1152 1273; x_wconf 89' lang='lat' dir='ltr'><strong>falcis</strong></span> <span class='ocrx_word' id='word_1_87' title='bbox 1169 1223 1198 1272; x_wconf 92' lang='lat' dir='ltr'><strong>et</strong></span> <span class='ocrx_word' id='word_1_88' title='bbox 1212 1214 1311 1273; x_wconf 88' lang='lat' dir='ltr'><strong>uinea-</strong></span> 
     </span>
     <span class='ocr_line' id='line_1_11' title="bbox 158 1293 1312 1371; baseline 0 -17"><span class='ocrx_word' id='word_1_89' title='bbox 158 1312 242 1366; x_wconf 89' lang='lat' dir='ltr'><strong>rum;</strong></span> <span class='ocrx_word' id='word_1_90' title='bbox 263 1294 311 1352; x_wconf 91' lang='lat' dir='ltr'><strong>uel</strong></span> <span class='ocrx_word' id='word_1_91' title='bbox 325 1295 394 1371; x_wconf 90' lang='lat' dir='ltr'><strong>quia</strong></span> <span class='ocrx_word' id='word_1_92' title='bbox 408 1305 523 1370; x_wconf 91' lang='lat' dir='ltr'><strong>tempus</strong></span> <span class='ocrx_word' id='word_1_93' title='bbox 541 1293 682 1369; x_wconf 90' lang='lat' dir='ltr'><strong>designat,</strong></span> <span class='ocrx_word' id='word_1_94' title='bbox 697 1295 778 1370; x_wconf 90' lang='lat' dir='ltr'><strong>quod</strong></span> <span class='ocrx_word' id='word_1_95' title='bbox 796 1304 840 1354; x_wconf 88' lang='lat' dir='ltr'><strong>est</strong></span> <span class='ocrx_word' id='word_1_96' title='bbox 858 1313 1011 1353; x_wconf 90' lang='lat' dir='ltr'><strong>recuruum</strong></span> <span class='ocrx_word' id='word_1_97' title='bbox 1031 1296 1069 1355; x_wconf 88' lang='lat' dir='ltr'><strong>ad</strong></span> <span class='ocrx_word' id='word_1_98' title='bbox 1088 1296 1210 1354; x_wconf 91' lang='lat' dir='ltr'><strong>modum</strong></span> <span class='ocrx_word' id='word_1_99' title='bbox 1230 1295 1312 1354; x_wconf 90' lang='lat' dir='ltr'><strong>falcis</strong></span> 
     </span>
     <span class='ocr_line' id='line_1_12' title="bbox 158 1375 1312 1454; baseline 0.002 -19"><span class='ocrx_word' id='word_1_100' title='bbox 158 1386 334 1435; x_wconf 86' lang='lat' dir='ltr'><strong>recuruatae.</strong></span> <span class='ocrx_word' id='word_1_101' title='bbox 376 1376 483 1434; x_wconf 87' lang='lat' dir='ltr'><strong>Aliter:</strong></span> <span class='ocrx_word' id='word_1_102' title='bbox 513 1376 581 1452; x_wconf 87' lang='lat' dir='ltr'><strong>quia</strong></span> <span class='ocrx_word' id='word_1_103' title='bbox 602 1375 655 1434; x_wconf 91' lang='lat' dir='ltr'><strong>iste</strong></span> <span class='ocrx_word' id='word_1_104' title='bbox 674 1376 791 1452; x_wconf 89' lang='lat' dir='ltr'><strong>planeta</strong></span> <span class='ocrx_word' id='word_1_105' title='bbox 811 1394 872 1435; x_wconf 93' lang='lat' dir='ltr'><strong>non</strong></span> <span class='ocrx_word' id='word_1_106' title='bbox 891 1376 987 1435; x_wconf 91' lang='lat' dir='ltr'><strong>minus</strong></span> <span class='ocrx_word' id='word_1_107' title='bbox 1006 1387 1095 1436; x_wconf 90' lang='lat' dir='ltr'><strong>nocet</strong></span> <span class='ocrx_word' id='word_1_108' title='bbox 1116 1378 1147 1435; x_wconf 94' lang='lat' dir='ltr'><strong>in</strong></span> <span class='ocrx_word' id='word_1_109' title='bbox 1167 1388 1312 1454; x_wconf 82' lang='lat' dir='ltr'><strong>retrogra-</strong></span> 
     </span>
     <span class='ocr_line' id='line_1_13' title="bbox 158 1454 1119 1534; baseline 0 -18"><span class='ocrx_word' id='word_1_110' title='bbox 158 1458 276 1517; x_wconf 86' lang='lat' dir='ltr'><strong>datione</strong></span> <span class='ocrx_word' id='word_1_111' title='bbox 291 1476 379 1533; x_wconf 89' lang='lat' dir='ltr'><strong>quam</strong></span> <span class='ocrx_word' id='word_1_112' title='bbox 394 1458 424 1515; x_wconf 91' lang='lat' dir='ltr'><strong>in</strong></span> <span class='ocrx_word' id='word_1_113' title='bbox 438 1457 651 1534; x_wconf 85' lang='lat' dir='ltr'><strong>progressione,</strong></span> <span class='ocrx_word' id='word_1_114' title='bbox 666 1457 917 1533; x_wconf 87' lang='lat' dir='ltr'><strong>quemadmodum</strong></span> <span class='ocrx_word' id='word_1_115' title='bbox 931 1466 960 1516; x_wconf 88' lang='lat' dir='ltr'><strong>et</strong></span> <span class='ocrx_word' id='word_1_116' title='bbox 974 1454 1041 1517; x_wconf 91' lang='lat' dir='ltr'><strong>falx.</strong></span> <span class='ocrx_word' id='word_1_117' title='bbox 1086 1458 1119 1519; x_wconf 89' lang='lat' dir='ltr'><strong>C.</strong></span> 
     </span>
    </p>

    <p class='ocr_par' dir='ltr' id='par_1_6' title="bbox 158 1537 1327 1762">
     <span class='ocr_line' id='line_1_14' title="bbox 202 1537 1327 1616; baseline 0.003 -20"><span class='ocrx_word' id='word_1_118' title='bbox 202 1558 268 1598; x_wconf 88' lang='grc'><strong>222.</strong></span> <span class='ocrx_word' id='word_1_119' title='bbox 292 1538 513 1615; x_wconf 87' lang='lat' dir='ltr'><strong>Cinyphiam:</strong></span> <span class='ocrx_word' id='word_1_120' title='bbox 543 1538 561 1596; x_wconf 91' lang='lat' dir='ltr'><strong>i.</strong></span> <span class='ocrx_word' id='word_1_121' title='bbox 576 1549 681 1596; x_wconf 88' lang='lat' dir='ltr'><strong>terram</strong></span> <span class='ocrx_word' id='word_1_122' title='bbox 703 1539 743 1596; x_wconf 88' lang='lat' dir='ltr'><strong>ita</strong></span> <span class='ocrx_word' id='word_1_123' title='bbox 763 1548 877 1614; x_wconf 91' lang='lat' dir='ltr'><strong>turpem</strong></span> <span class='ocrx_word' id='word_1_124' title='bbox 899 1539 973 1598; x_wconf 91' lang='lat' dir='ltr'><strong>sicut</strong></span> <span class='ocrx_word' id='word_1_125' title='bbox 993 1551 1037 1600; x_wconf 92' lang='lat' dir='ltr'><strong>est</strong></span> <span class='ocrx_word' id='word_1_126' title='bbox 1058 1539 1211 1616; x_wconf 88' lang='lat' dir='ltr'><strong>Cinyphia.</strong></span> <span class='ocrx_word' id='word_1_127' title='bbox 1254 1537 1327 1616; x_wconf 6' lang='lat' dir='ltr'><strong>Veli</strong></span> 
     </span>
     <span class='ocr_line' id='line_1_15' title="bbox 158 1619 1311 1700; baseline 0.001 -21"><span class='ocrx_word' id='word_1_128' title='bbox 158 1622 226 1697; x_wconf 87' lang='lat' dir='ltr'><strong>quia</strong></span> <span class='ocrx_word' id='word_1_129' title='bbox 244 1631 328 1680; x_wconf 86' lang='lat' dir='ltr'><strong>natus</strong></span> <span class='ocrx_word' id='word_1_130' title='bbox 343 1632 387 1679; x_wconf 92' lang='lat' dir='ltr'><strong>est</strong></span> <span class='ocrx_word' id='word_1_131' title='bbox 400 1621 431 1679; x_wconf 93' lang='lat' dir='ltr'><strong>in</strong></span> <span class='ocrx_word' id='word_1_132' title='bbox 444 1621 509 1698; x_wconf 88' lang='lat' dir='ltr'><strong>ipsa</strong></span> <span class='ocrx_word' id='word_1_133' title='bbox 523 1619 668 1697; x_wconf 87' lang='lat' dir='ltr'><strong>Cinyphia</strong></span> <span class='ocrx_word' id='word_1_134' title='bbox 684 1620 735 1678; x_wconf 93' lang='lat' dir='ltr'><strong>ubi</strong></span> <span class='ocrx_word' id='word_1_135' title='bbox 753 1620 904 1679; x_wconf 89' lang='lat' dir='ltr'><strong>abundant</strong></span> <span class='ocrx_word' id='word_1_136' title='bbox 917 1620 988 1680; x_wconf 92' lang='lat' dir='ltr'><strong>hirci</strong></span> <span class='ocrx_word' id='word_1_137' title='bbox 997 1641 1005 1696; x_wconf 68' lang='grc' dir='ltr'><strong><em>ς</em></strong></span> <span class='ocrx_word' id='word_1_138' title='bbox 1027 1640 1116 1700; x_wconf 88' lang='lat' dir='ltr'><strong>quare</strong></span> <span class='ocrx_word' id='word_1_139' title='bbox 1136 1621 1227 1698; x_wconf 90' lang='lat' dir='ltr'><strong>turpis</strong></span> <span class='ocrx_word' id='word_1_140' title='bbox 1245 1639 1311 1681; x_wconf 92' lang='lat' dir='ltr'><strong>esse</strong></span> 
     </span>
     <span class='ocr_line' id='line_1_16' title="bbox 159 1701 352 1762; baseline 0 -1"><span class='ocrx_word' id='word_1_141' title='bbox 159 1703 271 1762; x_wconf 90' lang='lat' dir='ltr'><strong>dicitur.</strong></span> <span class='ocrx_word' id='word_1_142' title='bbox 313 1701 352 1761; x_wconf 89' lang='lat' dir='ltr'><strong>P.</strong></span> 
     </span>
    </p>

    <p class='ocr_par' dir='ltr' id='par_1_7' title="bbox 158 1781 1312 1926">
     <span class='ocr_line' id='line_1_17' title="bbox 202 1781 1312 1862; baseline 0.001 -21"><span class='ocrx_word' id='word_1_143' title='bbox 202 1802 269 1858; x_wconf 86' lang='lat'>234.</span> <span class='ocrx_word' id='word_1_144' title='bbox 291 1783 319 1841; x_wconf 88' lang='lat' dir='ltr'><strong>A</strong></span> <span class='ocrx_word' id='word_1_145' title='bbox 338 1783 422 1842; x_wconf 88' lang='lat' dir='ltr'><strong>male</strong></span> <span class='ocrx_word' id='word_1_146' title='bbox 441 1782 584 1842; x_wconf 89' lang='lat' dir='ltr'><strong>deserto.</strong></span> <span class='ocrx_word' id='word_1_147' title='bbox 625 1781 756 1843; x_wconf 89' lang='lat' dir='ltr'><strong>Alicuius</strong></span> <span class='ocrx_word' id='word_1_148' title='bbox 773 1783 908 1861; x_wconf 90' lang='lat' dir='ltr'><strong>pauperis</strong></span> <span class='ocrx_word' id='word_1_149' title='bbox 923 1782 973 1862; x_wconf 90' lang='lat' dir='ltr'><strong>qui</strong></span> <span class='ocrx_word' id='word_1_150' title='bbox 988 1783 1128 1842; x_wconf 89' lang='lat' dir='ltr'><strong>deseritur</strong></span> <span class='ocrx_word' id='word_1_151' title='bbox 1142 1783 1180 1842; x_wconf 89' lang='lat' dir='ltr'><strong>ab</strong></span> <span class='ocrx_word' id='word_1_152' title='bbox 1193 1783 1312 1843; x_wconf 90' lang='lat' dir='ltr'><strong>homin·</strong></span> 
     </span>
     <span class='ocr_line' id='line_1_18' title="bbox 158 1865 317 1926; baseline -0.006 -2"><span class='ocrx_word' id='word_1_153' title='bbox 158 1866 232 1926; x_wconf 87' lang='lat' dir='ltr'><strong>ibus.</strong></span> <span class='ocrx_word' id='word_1_154' title='bbox 274 1865 317 1923; x_wconf 90' lang='lat' dir='ltr'><strong>H.</strong></span> 
     </span>
    </p>

    <p class='ocr_par' dir='ltr' id='par_1_8' title="bbox 159 1944 1311 2088">
     <span class='ocr_line' id='line_1_19' title="bbox 202 1944 1311 2023; baseline 0.002 -18"><span class='ocrx_word' id='word_1_155' title='bbox 202 1964 269 2022; x_wconf 82' lang='lat'><strong>²53·</strong></span> <span class='ocrx_word' id='word_1_156' title='bbox 292 1945 494 2023; x_wconf 90' lang='lat' dir='ltr'><strong>Quantaque</strong></span> <span class='ocrx_word' id='word_1_157' title='bbox 516 1944 688 2022; x_wconf 88' lang='lat' dir='ltr'><strong>clauigeri.</strong></span> <span class='ocrx_word' id='word_1_158' title='bbox 730 1945 812 2005; x_wconf 91' lang='lat' dir='ltr'><strong>Nota</strong></span> <span class='ocrx_word' id='word_1_159' title='bbox 832 1953 876 2006; x_wconf 91' lang='lat' dir='ltr'><strong>est</strong></span> <span class='ocrx_word' id='word_1_160' title='bbox 896 1944 994 2005; x_wconf 89' lang='lat' dir='ltr'><strong>fabula</strong></span> <span class='ocrx_word' id='word_1_161' title='bbox 1014 1945 1052 2006; x_wconf 93' lang='lat' dir='ltr'><strong>de</strong></span> <span class='ocrx_word' id='word_1_162' title='bbox 1068 1945 1229 2020; x_wconf 83' lang='lat' dir='ltr'><strong>Philoctete</strong></span> <span class='ocrx_word' id='word_1_163' title='bbox 1250 1947 1311 2007; x_wconf 91' lang='lat' dir='ltr'><strong>filio</strong></span> 
     </span>
     <span class='ocr_line' id='line_1_20' title="bbox 159 2027 389 2088; baseline -0.009 0"><span class='ocrx_word' id='word_1_164' title='bbox 159 2028 305 2088; x_wconf 91' lang='lat' dir='ltr'><strong>Poeantis.</strong></span> <span class='ocrx_word' id='word_1_165' title='bbox 352 2027 389 2087; x_wconf 79' lang='lat' dir='ltr'><strong>G.</strong></span> 
     </span>
    </p>

    <p class='ocr_par' dir='ltr' id='par_1_9' title="bbox 128 2106 1313 2594">
     <span class='ocr_line' id='line_1_21' title="bbox 201 2106 1312 2186; baseline 0.001 -18"><span class='ocrx_word' id='word_1_166' title='bbox 201 2124 269 2184; x_wconf 85' lang='lat'>255.</span> <span class='ocrx_word' id='word_1_167' title='bbox 285 2108 476 2168; x_wconf 87' lang='lat' dir='ltr'><strong>Necleuius</strong></span> <span class='ocrx_word' id='word_1_168' title='bbox 492 2109 617 2167; x_wconf 89' lang='lat' dir='ltr'><strong>doleas.</strong></span> <span class='ocrx_word' id='word_1_169' title='bbox 637 2107 715 2168; x_wconf 72' lang='lat' dir='ltr'><strong>*Da</strong></span> <span class='ocrx_word' id='word_1_170' title='bbox 798 2106 929 2169; x_wconf 90' lang='lat' dir='ltr'><strong>*Dareus</strong></span> <span class='ocrx_word' id='word_1_171' title='bbox 957 2108 1005 2168; x_wconf 91' lang='lat' dir='ltr'><strong>uel</strong></span> <span class='ocrx_word' id='word_1_172' title='bbox 1031 2108 1139 2167; x_wconf 83' lang='lat' dir='ltr'><strong>Darius</strong></span> <span class='ocrx_word' id='word_1_173' title='bbox 1166 2108 1269 2186; x_wconf 91' lang='lat' dir='ltr'><strong>pulsus</strong></span> <span class='ocrx_word' id='word_1_174' title='bbox 1293 2129 1312 2169; x_wconf 88' lang='lat' dir='ltr'><strong>a</strong></span> 
     </span>
     <span class='ocr_line' id='line_1_22' title="bbox 158 2189 1312 2268; baseline 0 -18"><span class='ocrx_word' id='word_1_175' title='bbox 158 2210 226 2251; x_wconf 91' lang='lat' dir='ltr'><strong>reus</strong></span> <span class='ocrx_word' id='word_1_176' title='bbox 253 2191 328 2249; x_wconf 90' lang='lat' dir='ltr'><strong>lilius</strong></span> <span class='ocrx_word' id='word_1_177' title='bbox 353 2189 460 2249; x_wconf 89' lang='lat' dir='ltr'><strong>Milesii</strong></span> <span class='ocrx_word' id='word_1_178' title='bbox 485 2190 599 2249; x_wconf 89' lang='lat' dir='ltr'><strong>Daretis</strong></span> <span class='ocrx_word' id='word_1_179' title='bbox 627 2192 714 2250; x_wconf 89' lang='lat' dir='ltr'><strong>nouis</strong></span> <span class='ocrx_word' id='word_1_180' title='bbox 756 2191 849 2266; x_wconf 87' lang='lat' dir='ltr'><strong>patria</strong></span> <span class='ocrx_word' id='word_1_181' title='bbox 870 2191 900 2249; x_wconf 92' lang='lat' dir='ltr'><strong>in</strong></span> <span class='ocrx_word' id='word_1_182' title='bbox 921 2190 1007 2250; x_wconf 87' lang='lat' dir='ltr'><strong>exilio</strong></span> <span class='ocrx_word' id='word_1_183' title='bbox 1028 2209 1046 2249; x_wconf 87' lang='lat' dir='ltr'><strong>a</strong></span> <span class='ocrx_word' id='word_1_184' title='bbox 1067 2208 1153 2250; x_wconf 87' lang='lat' dir='ltr'><strong>cerua</strong></span> <span class='ocrx_word' id='word_1_185' title='bbox 1172 2191 1312 2268; x_wconf 88' lang='lat' dir='ltr'><strong>quamdiu</strong></span> 
     </span>
     <span class='ocr_line' id='line_1_23' title="bbox 158 2271 1312 2348; baseline -0.001 -16"><span class='ocrx_word' id='word_1_186' title='bbox 158 2274 311 2332; x_wconf 91' lang='lat' dir='ltr'><strong>tormentis</strong></span> <span class='ocrx_word' id='word_1_187' title='bbox 329 2282 358 2330; x_wconf 91' lang='lat' dir='ltr'><strong>et</strong></span> <span class='ocrx_word' id='word_1_188' title='bbox 377 2272 526 2347; x_wconf 84' lang='lat' dir='ltr'><strong>exquisitis</strong></span> <span class='ocrx_word' id='word_1_189' title='bbox 546 2273 625 2331; x_wconf 93' lang='lat' dir='ltr'><strong>ciues</strong></span> <span class='ocrx_word' id='word_1_190' title='bbox 645 2290 715 2343; x_wconf 83' lang='lat' dir='ltr'><strong>suos</strong></span> <span class='ocrx_word' id='word_1_191' title='bbox 756 2273 828 2331; x_wconf 89' lang='lat' dir='ltr'><strong>uixit</strong></span> <span class='ocrx_word' id='word_1_192' title='bbox 852 2282 954 2348; x_wconf 91' lang='lat' dir='ltr'><strong>pastus</strong></span> <span class='ocrx_word' id='word_1_193' title='bbox 975 2281 1027 2331; x_wconf 92' lang='lat' dir='ltr'><strong>est.</strong></span> <span class='ocrx_word' id='word_1_194' title='bbox 1078 2271 1188 2331; x_wconf 78' lang='lat' dir='ltr'><strong>Aliterz</strong></span> <span class='ocrx_word' id='word_1_195' title='bbox 1217 2271 1312 2331; x_wconf 86' lang='lat' dir='ltr'><strong>Dares</strong></span> 
     </span>
     <span class='ocr_line' id='line_1_24' title="bbox 158 2352 1312 2431; baseline -0.002 -17"><span class='ocrx_word' id='word_1_196' title='bbox 158 2355 263 2425; x_wconf 83' lang='lat' dir='ltr'><strong>affecit,</strong></span> <span class='ocrx_word' id='word_1_197' title='bbox 288 2355 388 2429; x_wconf 90' lang='lat' dir='ltr'><strong>eisque</strong></span> <span class='ocrx_word' id='word_1_198' title='bbox 416 2355 461 2412; x_wconf 84' lang='lat' dir='ltr'><strong>lac</strong></span> <span class='ocrx_word' id='word_1_199' title='bbox 484 2372 588 2413; x_wconf 89' lang='lat' dir='ltr'><strong>ceruae</strong></span> <span class='ocrx_word' id='word_1_200' title='bbox 615 2354 714 2431; x_wconf 88' lang='lat' dir='ltr'><strong>propi·</strong></span> <span class='ocrx_word' id='word_1_201' title='bbox 756 2353 871 2412; x_wconf 87' lang='lat' dir='ltr'><strong>Daretis</strong></span> <span class='ocrx_word' id='word_1_202' title='bbox 903 2353 1008 2412; x_wconf 91' lang='lat' dir='ltr'><strong>Milesii</strong></span> <span class='ocrx_word' id='word_1_203' title='bbox 1043 2352 1117 2412; x_wconf 79' lang='lat' dir='ltr'><strong>filius</strong></span> <span class='ocrx_word' id='word_1_204' title='bbox 1152 2353 1312 2412; x_wconf 90' lang='lat' dir='ltr'><strong>crudelium</strong></span> 
     </span>
     <span class='ocr_line' id='line_1_25' title="bbox 158 2435 1311 2511; baseline 0.001 -17"><span class='ocrx_word' id='word_1_205' title='bbox 158 2455 232 2495; x_wconf 91' lang='lat' dir='ltr'><strong>nans</strong></span> <span class='ocrx_word' id='word_1_206' title='bbox 251 2435 330 2494; x_wconf 91' lang='lat' dir='ltr'><strong>idem</strong></span> <span class='ocrx_word' id='word_1_207' title='bbox 349 2453 453 2510; x_wconf 88' lang='lat' dir='ltr'><strong>passus</strong></span> <span class='ocrx_word' id='word_1_208' title='bbox 472 2445 517 2495; x_wconf 88' lang='lat' dir='ltr'><strong>est</strong></span> <span class='ocrx_word' id='word_1_209' title='bbox 533 2437 572 2495; x_wconf 90' lang='lat' dir='ltr'><strong>ab</strong></span> <span class='ocrx_word' id='word_1_210' title='bbox 586 2435 628 2495; x_wconf 89' lang='lat' dir='ltr'><strong>eis</strong></span> <span class='ocrx_word' id='word_1_211' title='bbox 641 2445 714 2495; x_wconf 89' lang='lat' dir='ltr'><strong>teste</strong></span> <span class='ocrx_word' id='word_1_212' title='bbox 756 2444 965 2494; x_wconf 86' lang='lat' dir='ltr'><strong>tormentorum</strong></span> <span class='ocrx_word' id='word_1_213' title='bbox 979 2435 1137 2511; x_wconf 82' lang='lat' dir='ltr'><strong>exquisitor</strong></span> <span class='ocrx_word' id='word_1_214' title='bbox 1147 2435 1227 2494; x_wconf 88' lang='lat' dir='ltr'><strong>ciues</strong></span> <span class='ocrx_word' id='word_1_215' title='bbox 1242 2454 1311 2495; x_wconf 82' lang='lat' dir='ltr'><strong>suos</strong></span> 
     </span>
     <span class='ocr_line' id='line_1_26' title="bbox 128 2515 1313 2594; baseline -0.002 -17"><span class='ocrx_word' id='word_1_216' title='bbox 128 2515 291 2594; x_wconf 49' lang='lat' dir='ltr'><strong>¹Eupoli*</strong></span> <span class='ocrx_word' id='word_1_217' title='bbox 337 2515 374 2575; x_wconf 83' lang='lat' dir='ltr'><strong>G.</strong></span> <span class='ocrx_word' id='word_1_218' title='bbox 756 2518 853 2593; x_wconf 90' lang='lat' dir='ltr'><strong>coegit</strong></span> <span class='ocrx_word' id='word_1_219' title='bbox 876 2517 974 2575; x_wconf 85' lang='lat' dir='ltr'><strong>bibere</strong></span> <span class='ocrx_word' id='word_1_220' title='bbox 996 2517 1146 2575; x_wconf 78' lang='lat' dir='ltr'><strong>coruinum</strong></span> <span class='ocrx_word' id='word_1_221' title='bbox 1170 2516 1215 2574; x_wconf 91' lang='lat' dir='ltr'><strong>lac</strong></span> <span class='ocrx_word' id='word_1_222' title='bbox 1240 2517 1313 2576; x_wconf 90' lang='lat' dir='ltr'><strong>uino</strong></span> 
     </span>
    </p>

    <p class='ocr_par' dir='ltr' id='par_1_10' title="bbox 151 2597 1312 3411">
     <span class='ocr_line' id='line_1_27' title="bbox 175 2597 1312 2673; baseline 0 -16"><span class='ocrx_word' id='word_1_223' title='bbox 175 2618 177 2621; x_wconf 90' lang='lat'>·</span> <span class='ocrx_word' id='word_1_224' title='bbox 200 2597 334 2657; x_wconf 86' lang='lat' dir='ltr'><strong>*Daretis</strong></span> <span class='ocrx_word' id='word_1_225' title='bbox 346 2597 482 2660; x_wconf 76' lang='lat' dir='ltr'><strong>rTalaris</strong></span> <span class='ocrx_word' id='word_1_226' title='bbox 496 2616 547 2656; x_wconf 91' lang='lat' dir='ltr'><strong>rex</strong></span> <span class='ocrx_word' id='word_1_227' title='bbox 561 2597 636 2657; x_wconf 75' lang='lat' dir='ltr'><strong>filius</strong></span> <span class='ocrx_word' id='word_1_228' title='bbox 656 2597 715 2656; x_wconf 92' lang='lat' dir='ltr'><strong>Mi·</strong></span> <span class='ocrx_word' id='word_1_229' title='bbox 756 2599 879 2657; x_wconf 83' lang='lat' dir='ltr'><strong>mixtum</strong></span> <span class='ocrx_word' id='word_1_230' title='bbox 901 2607 929 2657; x_wconf 91' lang='lat' dir='ltr'><strong>et</strong></span> <span class='ocrx_word' id='word_1_231' title='bbox 951 2599 993 2657; x_wconf 92' lang='lat' dir='ltr'><strong>sic</strong></span> <span class='ocrx_word' id='word_1_232' title='bbox 1015 2616 1067 2657; x_wconf 92' lang='lat' dir='ltr'><strong>eos</strong></span> <span class='ocrx_word' id='word_1_233' title='bbox 1089 2597 1204 2656; x_wconf 84' lang='lat' dir='ltr'><strong>affecit:</strong></span> <span class='ocrx_word' id='word_1_234' title='bbox 1230 2599 1312 2673; x_wconf 89' lang='lat' dir='ltr'><strong>quod</strong></span> 
     </span>
     <span class='ocr_line' id='line_1_28' title="bbox 158 2679 1311 2756; baseline -0.001 -16"><span class='ocrx_word' id='word_1_235' title='bbox 158 2681 219 2740; x_wconf 90' lang='lat' dir='ltr'><strong>lesii</strong></span> <span class='ocrx_word' id='word_1_236' title='bbox 228 2687 441 2740; x_wconf 85' lang='lat' dir='ltr'><strong>tormentorum</strong></span> <span class='ocrx_word' id='word_1_237' title='bbox 449 2680 596 2755; x_wconf 90' lang='lat' dir='ltr'><strong>inquirens</strong></span> <span class='ocrx_word' id='word_1_238' title='bbox 607 2698 715 2756; x_wconf 89' lang='lat' dir='ltr'><strong>genera</strong></span> <span class='ocrx_word' id='word_1_239' title='bbox 755 2681 819 2754; x_wconf 93' lang='lat' dir='ltr'><strong>ipse</strong></span> <span class='ocrx_word' id='word_1_240' title='bbox 834 2681 954 2738; x_wconf 89' lang='lat' dir='ltr'><strong>tandem</strong></span> <span class='ocrx_word' id='word_1_241' title='bbox 974 2698 991 2738; x_wconf 92' lang='lat' dir='ltr'><strong>a</strong></span> <span class='ocrx_word' id='word_1_242' title='bbox 1011 2680 1070 2738; x_wconf 93' lang='lat' dir='ltr'><strong>suis</strong></span> <span class='ocrx_word' id='word_1_243' title='bbox 1084 2679 1196 2738; x_wconf 90' lang='lat' dir='ltr'><strong>ciuibus</strong></span> <span class='ocrx_word' id='word_1_244' title='bbox 1210 2679 1311 2739; x_wconf 88' lang='lat' dir='ltr'><strong>bibere</strong></span> 
     </span>
     <span class='ocr_line' id='line_1_29' title="bbox 158 2759 1245 2840; baseline 0 -20"><span class='ocrx_word' id='word_1_245' title='bbox 158 2764 264 2840; x_wconf 91' lang='lat' dir='ltr'><strong>quibus</strong></span> <span class='ocrx_word' id='word_1_246' title='bbox 284 2761 419 2820; x_wconf 87' lang='lat' dir='ltr'><strong>homines</strong></span> <span class='ocrx_word' id='word_1_247' title='bbox 440 2777 510 2818; x_wconf 90' lang='lat' dir='ltr'><strong>suos</strong></span> <span class='ocrx_word' id='word_1_248' title='bbox 529 2763 622 2836; x_wconf 87' lang='lat' dir='ltr'><strong>possit</strong></span> <span class='ocrx_word' id='word_1_249' title='bbox 643 2761 714 2819; x_wconf 87' lang='lat' dir='ltr'><strong>affli·</strong></span> <span class='ocrx_word' id='word_1_250' title='bbox 755 2772 875 2823; x_wconf 86' lang='lat' dir='ltr'><strong>coactus</strong></span> <span class='ocrx_word' id='word_1_251' title='bbox 890 2771 1021 2821; x_wconf 88' lang='lat' dir='ltr'><strong>mortuus</strong></span> <span class='ocrx_word' id='word_1_252' title='bbox 1035 2760 1105 2821; x_wconf 82' lang='lat' dir='ltr'><strong>est*</strong></span> <span class='ocrx_word' id='word_1_253' title='bbox 1146 2759 1245 2820; x_wconf 85' lang='lat' dir='ltr'><strong>Mure.</strong></span> 
     </span>
     <span class='ocr_line' id='line_1_30' title="bbox 157 2843 714 2921; baseline -0.002 -19"><span class='ocrx_word' id='word_1_254' title='bbox 157 2863 226 2921; x_wconf 89' lang='lat' dir='ltr'><strong>gere</strong></span> <span class='ocrx_word' id='word_1_255' title='bbox 237 2844 282 2902; x_wconf 91' lang='lat' dir='ltr'><strong>lac</strong></span> <span class='ocrx_word' id='word_1_256' title='bbox 293 2843 445 2901; x_wconf 91' lang='lat' dir='ltr'><strong>ceruinum</strong></span> <span class='ocrx_word' id='word_1_257' title='bbox 457 2843 537 2918; x_wconf 90' lang='lat' dir='ltr'><strong>quod</strong></span> <span class='ocrx_word' id='word_1_258' title='bbox 552 2843 658 2901; x_wconf 89' lang='lat' dir='ltr'><strong>nimiae</strong></span> <span class='ocrx_word' id='word_1_259' title='bbox 670 2852 714 2902; x_wconf 93' lang='lat' dir='ltr'><strong>est</strong></span> 
     </span>
     <span class='ocr_line' id='line_1_31' title="bbox 158 2924 713 3000; baseline -0.004 -16"><span class='ocrx_word' id='word_1_260' title='bbox 158 2924 356 2984; x_wconf 89' lang='lat' dir='ltr'><strong>amaritudinis</strong></span> <span class='ocrx_word' id='word_1_261' title='bbox 378 2924 502 3000; x_wconf 89' lang='lat' dir='ltr'><strong>cogebat</strong></span> <span class='ocrx_word' id='word_1_262' title='bbox 527 2935 713 2999; x_wconf 25' lang='lat' dir='ltr'><strong>eosipotare,</strong></span> 
     </span>
     <span class='ocr_line' id='line_1_32' title="bbox 158 3005 715 3085; baseline -0.002 -20"><span class='ocrx_word' id='word_1_263' title='bbox 158 3007 294 3085; x_wconf 91' lang='lat' dir='ltr'><strong>idemque</strong></span> <span class='ocrx_word' id='word_1_264' title='bbox 309 3006 428 3064; x_wconf 89' lang='lat' dir='ltr'><strong>tandem</strong></span> <span class='ocrx_word' id='word_1_265' title='bbox 440 3024 457 3063; x_wconf 92' lang='lat' dir='ltr'><strong>a</strong></span> <span class='ocrx_word' id='word_1_266' title='bbox 468 3005 580 3064; x_wconf 88' lang='lat' dir='ltr'><strong>ciuibus</strong></span> <span class='ocrx_word' id='word_1_267' title='bbox 595 3006 653 3064; x_wconf 91' lang='lat' dir='ltr'><strong>suis</strong></span> <span class='ocrx_word' id='word_1_268' title='bbox 666 3005 715 3064; x_wconf 89' lang='lat' dir='ltr'><strong>de-</strong></span> 
     </span>
     <span class='ocr_line' id='line_1_33' title="bbox 158 3086 716 3165; baseline 0.002 -20"><span class='ocrx_word' id='word_1_269' title='bbox 158 3107 279 3165; x_wconf 90' lang='lat' dir='ltr'><strong>prensus</strong></span> <span class='ocrx_word' id='word_1_270' title='bbox 296 3098 416 3146; x_wconf 87' lang='lat' dir='ltr'><strong>coactus</strong></span> <span class='ocrx_word' id='word_1_271' title='bbox 433 3097 478 3145; x_wconf 88' lang='lat' dir='ltr'><strong>est</strong></span> <span class='ocrx_word' id='word_1_272' title='bbox 495 3088 556 3162; x_wconf 88' lang='lat' dir='ltr'><strong>pati</strong></span> <span class='ocrx_word' id='word_1_273' title='bbox 572 3086 716 3162; x_wconf 68' lang='lat' dir='ltr'><strong>*Eupolio</strong></span> 
     </span>
     <span class='ocr_line' id='line_1_34' title="bbox 157 3168 713 3243; baseline -0.005 -14"><span class='ocrx_word' id='word_1_274' title='bbox 157 3176 286 3229; x_wconf 79' lang='lat' dir='ltr'><strong>testante:</strong></span> <span class='ocrx_word' id='word_1_275' title='bbox 299 3168 363 3226; x_wconf 83' lang='lat' dir='ltr'><strong>Lac</strong></span> <span class='ocrx_word' id='word_1_276' title='bbox 375 3187 471 3226; x_wconf 79' lang='lat' dir='ltr'><strong>cereae</strong></span> <span class='ocrx_word' id='word_1_277' title='bbox 479 3170 641 3243; x_wconf 83' lang='lat' dir='ltr'><strong>†premendo</strong></span> <span class='ocrx_word' id='word_1_278' title='bbox 650 3188 713 3226; x_wconf 85' lang='lat' dir='ltr'><strong>sues</strong></span> 
     </span>
     <span class='ocr_line' id='line_1_35' title="bbox 152 3248 716 3328; baseline 0 -19"><span class='ocrx_word' id='word_1_279' title='bbox 152 3251 305 3328; x_wconf 72' lang='lat' dir='ltr'><strong>perimebat</strong></span> <span class='ocrx_word' id='word_1_280' title='bbox 319 3251 439 3313; x_wconf 74' lang='lat' dir='ltr'><strong>ieosdem</strong></span> <span class='ocrx_word' id='word_1_281' title='bbox 456 3248 646 3326; x_wconf 81' lang='lat' dir='ltr'><strong>Exemploque</strong></span> <span class='ocrx_word' id='word_1_282' title='bbox 663 3270 716 3309; x_wconf 84' lang='lat' dir='ltr'><strong>suo</strong></span> 
     </span>
     <span class='ocr_line' id='line_1_36' title="bbox 151 3331 689 3411; baseline -0.002 -20"><span class='ocrx_word' id='word_1_283' title='bbox 151 3342 270 3411; x_wconf 81' lang='lat' dir='ltr'><strong>potuque</strong></span> <span class='ocrx_word' id='word_1_284' title='bbox 279 3340 433 3408; x_wconf 81' lang='lat' dir='ltr'><strong>peremptus</strong></span> <span class='ocrx_word' id='word_1_285' title='bbox 447 3333 532 3389; x_wconf 84' lang='lat' dir='ltr'><strong>eodem</strong></span> <span class='ocrx_word' id='word_1_286' title='bbox 546 3331 610 3391; x_wconf 70' lang='lat' dir='ltr'><strong>esf*</strong></span> <span class='ocrx_word' id='word_1_287' title='bbox 656 3332 689 3392; x_wconf 87' lang='lat' dir='ltr'><strong>C.</strong></span> 
     </span>
    </p>

    <p class='ocr_par' dir='ltr' id='par_1_11' title="bbox 200 3411 1313 3492">
     <span class='ocr_line' id='line_1_37' title="bbox 200 3411 1313 3492; baseline 0 -19"><span class='ocrx_word' id='word_1_288' title='bbox 200 3429 268 3491; x_wconf 83' lang='lat'><strong>257.</strong></span> <span class='ocrx_word' id='word_1_289' title='bbox 291 3413 424 3490; x_wconf 87' lang='lat' dir='ltr'><strong>Quique</strong></span> <span class='ocrx_word' id='word_1_290' title='bbox 445 3414 486 3473; x_wconf 88' lang='lat' dir='ltr'><strong>ab</strong></span> <span class='ocrx_word' id='word_1_291' title='bbox 506 3431 593 3491; x_wconf 91' lang='lat' dir='ltr'><strong>equo</strong></span> <span class='ocrx_word' id='word_1_292' title='bbox 615 3432 711 3491; x_wconf 88' lang='lat' dir='ltr'><strong>prae·</strong></span> <span class='ocrx_word' id='word_1_293' title='bbox 793 3411 992 3492; x_wconf 83' lang='lat' dir='ltr'><strong>Bellerophon</strong></span> <span class='ocrx_word' id='word_1_294' title='bbox 1009 3411 1100 3474; x_wconf 79' lang='lat' dir='ltr'><strong>Proeti</strong></span> <span class='ocrx_word' id='word_1_295' title='bbox 1117 3411 1211 3473; x_wconf 83' lang='lat' dir='ltr'><strong>fratris</strong></span> <span class='ocrx_word' id='word_1_296' title='bbox 1224 3412 1313 3473; x_wconf 57' lang='lat' dir='ltr'><strong>Acri*</strong></span> 
     </span>
    </p>
   </div>
   <div class='ocr_carea' id='block_1_3' title="bbox 153 3560 1312 4409">
    <p class='ocr_par' dir='ltr' id='par_1_12' title="bbox 194 3560 627 3616">
     <span class='ocr_line' id='line_1_38' title="bbox 194 3560 627 3616; baseline 0.007 -4"><span class='ocrx_word' id='word_1_297' title='bbox 194 3579 256 3616; x_wconf 80' lang='lat'><em>212.</em></span> <span class='ocrx_word' id='word_1_298' title='bbox 273 3560 313 3614; x_wconf 94' lang='lat' dir='ltr'><strong>sol</strong></span> <span class='ocrx_word' id='word_1_299' title='bbox 325 3561 353 3613; x_wconf 91' lang='lat' dir='ltr'><strong>in</strong></span> <span class='ocrx_word' id='word_1_300' title='bbox 366 3561 420 3614; x_wconf 92' lang='lat' dir='ltr'><strong>hoc</strong></span> <span class='ocrx_word' id='word_1_301' title='bbox 432 3560 585 3614; x_wconf 89' lang='lat' dir='ltr'><strong>mediocres</strong></span> <span class='ocrx_word' id='word_1_302' title='bbox 599 3562 627 3615; x_wconf 78' lang='grc'><strong>0.</strong></span> 
     </span>
    </p>

    <p class='ocr_par' dir='ltr' id='par_1_13' title="bbox 194 3633 1069 3687">
     <span class='ocr_line' id='line_1_39' title="bbox 194 3633 1069 3687; baseline 0.001 -2"><span class='ocrx_word' id='word_1_303' title='bbox 194 3637 255 3685; x_wconf 78' lang='grc'><strong>226.</strong></span> <span class='ocrx_word' id='word_1_304' title='bbox 275 3633 385 3685; x_wconf 86' lang='lat' dir='ltr'><strong>Saturni</strong></span> <span class='ocrx_word' id='word_1_305' title='bbox 399 3633 483 3685; x_wconf 75' lang='grc'><strong>2226</strong></span> <span class='ocrx_word' id='word_1_306' title='bbox 552 3633 645 3687; x_wconf 66' lang='lat' dir='ltr'><strong>istac·</strong></span> <span class='ocrx_word' id='word_1_307' title='bbox 1063 3650 1069 3658; x_wconf 91' lang='lat'><strong>·</strong></span> 
     </span>
    </p>

    <p class='ocr_par' dir='ltr' id='par_1_14' title="bbox 155 3701 1312 4266">
     <span class='ocr_line' id='line_1_40' title="bbox 194 3701 1311 3773; baseline 0.002 -17"><span class='ocrx_word' id='word_1_308' title='bbox 194 3721 254 3758; x_wconf 88' lang='grc'><strong>222.</strong></span> <span class='ocrx_word' id='word_1_309' title='bbox 274 3703 443 3771; x_wconf 78' lang='lat' dir='ltr'><strong>Cynipheam</strong></span> <span class='ocrx_word' id='word_1_310' title='bbox 456 3705 482 3754; x_wconf 88' lang='lat' dir='ltr'><em>P</em></span> <span class='ocrx_word' id='word_1_311' title='bbox 551 3702 694 3772; x_wconf 86' lang='lat' dir='ltr'><strong>cynifeaP</strong></span> <span class='ocrx_word' id='word_1_312' title='bbox 764 3703 943 3773; x_wconf 89' lang='lat' dir='ltr'><strong>CynipheaP</strong></span> <span class='ocrx_word' id='word_1_313' title='bbox 1012 3702 1173 3757; x_wconf 80' lang='lat' dir='ltr'><strong>habundant</strong></span> <span class='ocrx_word' id='word_1_314' title='bbox 1185 3701 1263 3771; x_wconf 85' lang='lat' dir='ltr'><strong>hyrci</strong></span> <span class='ocrx_word' id='word_1_315' title='bbox 1276 3704 1311 3758; x_wconf 86' lang='lat' dir='ltr'><strong>P.</strong></span> 
     </span>
     <span class='ocr_line' id='line_1_41' title="bbox 194 3774 1252 3842; baseline -0.001 -15"><span class='ocrx_word' id='word_1_316' title='bbox 194 3791 255 3840; x_wconf 77' lang='lat'><strong>253.</strong></span> <span class='ocrx_word' id='word_1_317' title='bbox 273 3776 316 3827; x_wconf 87' lang='lat' dir='ltr'><strong>Ab</strong></span> <span class='ocrx_word' id='word_1_318' title='bbox 328 3775 372 3826; x_wconf 89' lang='lat' dir='ltr'><strong>hoc</strong></span> <span class='ocrx_word' id='word_1_319' title='bbox 385 3776 441 3826; x_wconf 85' lang='lat' dir='ltr'><strong>inde</strong></span> <span class='ocrx_word' id='word_1_320' title='bbox 452 3794 527 3828; x_wconf 86' lang='lat' dir='ltr'><strong>uersu</strong></span> <span class='ocrx_word' id='word_1_321' title='bbox 538 3785 629 3830; x_wconf 77' lang='lat' dir='ltr'><strong>extant</strong></span> <span class='ocrx_word' id='word_1_322' title='bbox 640 3775 735 3827; x_wconf 84' lang='lat' dir='ltr'><strong>scholia</strong></span> <span class='ocrx_word' id='word_1_323' title='bbox 749 3777 776 3828; x_wconf 82' lang='lat' dir='ltr'><strong>in</strong></span> <span class='ocrx_word' id='word_1_324' title='bbox 790 3776 814 3829; x_wconf 84' lang='lat' dir='ltr'><strong><em>G</em></strong></span> <span class='ocrx_word' id='word_1_325' title='bbox 884 3775 990 3828; x_wconf 81' lang='lat' dir='ltr'><strong>filotete</strong></span> <span class='ocrx_word' id='word_1_326' title='bbox 1005 3775 1028 3829; x_wconf 88' lang='lat' dir='ltr'><em>G</em></span> <span class='ocrx_word' id='word_1_327' title='bbox 1099 3774 1206 3842; x_wconf 83' lang='lat' dir='ltr'><strong>peantis</strong></span> <span class='ocrx_word' id='word_1_328' title='bbox 1219 3775 1252 3827; x_wconf 83' lang='lat' dir='ltr'><strong>G.</strong></span> 
     </span>
     <span class='ocr_line' id='line_1_42' title="bbox 194 3844 1309 3915; baseline 0.001 -19"><span class='ocrx_word' id='word_1_329' title='bbox 194 3861 254 3909; x_wconf 84' lang='lat'><strong>255.</strong></span> <span class='ocrx_word' id='word_1_330' title='bbox 273 3845 391 3898; x_wconf 84' lang='lat' dir='ltr'><strong>Historia</strong></span> <span class='ocrx_word' id='word_1_331' title='bbox 394 3844 503 3912; x_wconf 82' lang='lat' dir='ltr'><strong>fieticia,</strong></span> <span class='ocrx_word' id='word_1_332' title='bbox 516 3864 602 3899; x_wconf 85' lang='lat' dir='ltr'><strong>uersus</strong></span> <span class='ocrx_word' id='word_1_333' title='bbox 614 3844 782 3915; x_wconf 84' lang='lat' dir='ltr'><strong>suppositicii*</strong></span> <span class='ocrx_word' id='word_1_334' title='bbox 861 3846 960 3899; x_wconf 91' lang='lat' dir='ltr'><strong>dereus</strong></span> <span class='ocrx_word' id='word_1_335' title='bbox 974 3847 997 3899; x_wconf 88' lang='lat' dir='ltr'><em>G</em></span> <span class='ocrx_word' id='word_1_336' title='bbox 1005 3911 1007 3915; x_wconf 88' lang='lat'>.</span> <span class='ocrx_word' id='word_1_337' title='bbox 1079 3845 1272 3898; x_wconf 88' lang='lat' dir='ltr'><strong>melesitaretis</strong></span> <span class='ocrx_word' id='word_1_338' title='bbox 1285 3845 1309 3897; x_wconf 84' lang='lat' dir='ltr'><em>G</em></span> 
     </span>
     <span class='ocr_line' id='line_1_43' title="bbox 157 3915 1307 3984; baseline -0.002 -16"><span class='ocrx_word' id='word_1_339' title='bbox 157 3915 295 3969; x_wconf 87' lang='lat' dir='ltr'><strong>milexiiG</strong></span> <span class='ocrx_word' id='word_1_340' title='bbox 375 3917 474 3968; x_wconf 85' lang='lat' dir='ltr'><strong>correxi</strong></span> <span class='ocrx_word' id='word_1_341' title='bbox 490 3935 522 3970; x_wconf 82' lang='lat' dir='ltr'><strong>ex</strong></span> <span class='ocrx_word' id='word_1_342' title='bbox 536 3918 681 3971; x_wconf 85' lang='lat' dir='ltr'><strong>Askeuiane</strong></span> <span class='ocrx_word' id='word_1_343' title='bbox 699 3935 769 3984; x_wconf 85' lang='lat' dir='ltr'><strong>quem</strong></span> <span class='ocrx_word' id='word_1_344' title='bbox 788 3916 900 3970; x_wconf 80' lang='lat' dir='ltr'><strong>exhibuit</strong></span> <span class='ocrx_word' id='word_1_345' title='bbox 912 3915 1051 3970; x_wconf 82' lang='lat' dir='ltr'><strong>Merkelius</strong></span> <span class='ocrx_word' id='word_1_346' title='bbox 1069 3919 1096 3970; x_wconf 81' lang='lat' dir='ltr'><strong>in</strong></span> <span class='ocrx_word' id='word_1_347' title='bbox 1113 3917 1151 3970; x_wconf 88' lang='lat' dir='ltr'><strong>ed.</strong></span> <span class='ocrx_word' id='word_1_348' title='bbox 1163 3918 1226 3969; x_wconf 88' lang='lat' dir='ltr'><strong>anni</strong></span> <span class='ocrx_word' id='word_1_349' title='bbox 1241 3921 1307 3978; x_wconf 78' lang='lat'>1837</span> 
     </span>
     <span class='ocr_line' id='line_1_44' title="bbox 157 3984 1309 4055; baseline -0.002 -16"><span class='ocrx_word' id='word_1_350' title='bbox 157 3987 276 4040; x_wconf 87' lang='lat' dir='ltr'><strong>Daretes</strong></span> <span class='ocrx_word' id='word_1_351' title='bbox 287 3986 402 4054; x_wconf 90' lang='lat' dir='ltr'><strong>phalaris</strong></span> <span class='ocrx_word' id='word_1_352' title='bbox 415 3988 480 4038; x_wconf 87' lang='lat' dir='ltr'><strong>Ask.</strong></span> <span class='ocrx_word' id='word_1_353' title='bbox 546 4003 647 4052; x_wconf 89' lang='lat' dir='ltr'><strong>genera</strong></span> <span class='ocrx_word' id='word_1_354' title='bbox 659 3986 798 4054; x_wconf 88' lang='lat' dir='ltr'><strong>inquirens</strong></span> <span class='ocrx_word' id='word_1_355' title='bbox 811 3989 876 4041; x_wconf 84' lang='lat' dir='ltr'><strong>Ask.</strong></span> <span class='ocrx_word' id='word_1_356' title='bbox 947 3993 1040 4055; x_wconf 85' lang='lat' dir='ltr'><strong>posset</strong></span> <span class='ocrx_word' id='word_1_357' title='bbox 1053 3989 1117 4039; x_wconf 87' lang='lat' dir='ltr'><strong>Ask.</strong></span> <span class='ocrx_word' id='word_1_358' title='bbox 1189 3984 1309 4053; x_wconf 90' lang='lat' dir='ltr'><strong>ideoque</strong></span> 
     </span>
     <span class='ocr_line' id='line_1_45' title="bbox 156 4055 1311 4126; baseline -0.001 -16"><span class='ocrx_word' id='word_1_359' title='bbox 156 4057 269 4111; x_wconf 89' lang='lat' dir='ltr'><strong>tandem</strong></span> <span class='ocrx_word' id='word_1_360' title='bbox 282 4059 348 4110; x_wconf 86' lang='lat' dir='ltr'><strong>Ask.</strong></span> <span class='ocrx_word' id='word_1_361' title='bbox 416 4056 600 4124; x_wconf 89' lang='lat' dir='ltr'><strong>deprehensus</strong></span> <span class='ocrx_word' id='word_1_362' title='bbox 612 4063 724 4109; x_wconf 89' lang='lat' dir='ltr'><strong>coactus</strong></span> <span class='ocrx_word' id='word_1_363' title='bbox 737 4064 778 4109; x_wconf 88' lang='lat' dir='ltr'><strong>est</strong></span> <span class='ocrx_word' id='word_1_364' title='bbox 791 4057 863 4109; x_wconf 89' lang='lat' dir='ltr'><strong>idem</strong></span> <span class='ocrx_word' id='word_1_365' title='bbox 875 4057 931 4126; x_wconf 89' lang='lat' dir='ltr'><strong>pati</strong></span> <span class='ocrx_word' id='word_1_366' title='bbox 945 4057 1009 4109; x_wconf 86' lang='lat' dir='ltr'><strong>Ask.</strong></span> <span class='ocrx_word' id='word_1_367' title='bbox 1081 4055 1229 4124; x_wconf 87' lang='lat' dir='ltr'><strong>pressando</strong></span> <span class='ocrx_word' id='word_1_368' title='bbox 1243 4057 1311 4109; x_wconf 85' lang='lat' dir='ltr'><strong>Ask.</strong></span> 
     </span>
     <span class='ocr_line' id='line_1_46' title="bbox 155 4127 1312 4196; baseline -0.003 -15"><span class='ocrx_word' id='word_1_369' title='bbox 155 4128 280 4196; x_wconf 89' lang='lat' dir='ltr'><strong>potando</strong></span> <span class='ocrx_word' id='word_1_370' title='bbox 292 4143 356 4180; x_wconf 91' lang='lat' dir='ltr'><strong>suos</strong></span> <span class='ocrx_word' id='word_1_371' title='bbox 369 4127 477 4180; x_wconf 88' lang='lat' dir='ltr'><strong>Dareus</strong></span> <span class='ocrx_word' id='word_1_372' title='bbox 489 4128 642 4194; x_wconf 86' lang='lat' dir='ltr'><strong>perimebat</strong></span> <span class='ocrx_word' id='word_1_373' title='bbox 655 4129 711 4180; x_wconf 50' lang='lat' dir='ltr'><strong>cod*</strong></span> <span class='ocrx_word' id='word_1_374' title='bbox 721 4129 856 4196; x_wconf 80' lang='lat' dir='ltr'><strong>Saluagnii</strong></span> <span class='ocrx_word' id='word_1_375' title='bbox 939 4128 1104 4194; x_wconf 85' lang='lat' dir='ltr'><strong>parentusG</strong></span> <span class='ocrx_word' id='word_1_376' title='bbox 1148 4131 1312 4196; x_wconf 84' lang='lat' dir='ltr'><strong>peremptus</strong></span> 
     </span>
     <span class='ocr_line' id='line_1_47' title="bbox 156 4198 1024 4266; baseline -0.001 -15"><span class='ocrx_word' id='word_1_377' title='bbox 156 4200 225 4266; x_wconf 64' lang='lat' dir='ltr'><strong>Ark.</strong></span> <span class='ocrx_word' id='word_1_378' title='bbox 295 4199 328 4252; x_wconf 90' lang='lat' dir='ltr'><strong>E.</strong></span> <span class='ocrx_word' id='word_1_379' title='bbox 340 4215 361 4251; x_wconf 92' lang='lat' dir='ltr'><strong>s.</strong></span> <span class='ocrx_word' id='word_1_380' title='bbox 374 4202 442 4266; x_wconf 92' lang='lat' dir='ltr'><strong>potu</strong></span> <span class='ocrx_word' id='word_1_381' title='bbox 455 4205 633 4265; x_wconf 91' lang='lat' dir='ltr'><strong>consumptus</strong></span> <span class='ocrx_word' id='word_1_382' title='bbox 645 4199 746 4250; x_wconf 92' lang='lat' dir='ltr'><strong>eodem</strong></span> <span class='ocrx_word' id='word_1_383' title='bbox 758 4205 800 4250; x_wconf 91' lang='lat' dir='ltr'><strong>est</strong></span> <span class='ocrx_word' id='word_1_384' title='bbox 813 4198 865 4250; x_wconf 87' lang='lat' dir='ltr'><strong>cod.</strong></span> <span class='ocrx_word' id='word_1_385' title='bbox 879 4199 1024 4266; x_wconf 80' lang='lat' dir='ltr'><strong>Saluagnii.</strong></span> 
     </span>
    </p>

    <p class='ocr_par' dir='ltr' id='par_1_15' title="bbox 153 4267 1309 4409">
     <span class='ocr_line' id='line_1_48' title="bbox 192 4267 1308 4335; baseline -0.003 -14"><span class='ocrx_word' id='word_1_386' title='bbox 192 4286 253 4335; x_wconf 82' lang='lat'><strong>257.</strong></span> <span class='ocrx_word' id='word_1_387' title='bbox 270 4269 462 4324; x_wconf 85' lang='lat' dir='ltr'><strong>bellorofonG</strong></span> <span class='ocrx_word' id='word_1_388' title='bbox 532 4269 702 4322; x_wconf 86' lang='lat' dir='ltr'><strong>stenobeaG</strong></span> <span class='ocrx_word' id='word_1_389' title='bbox 773 4267 905 4321; x_wconf 88' lang='lat' dir='ltr'><strong>ciciditG</strong></span> <span class='ocrx_word' id='word_1_390' title='bbox 975 4267 1173 4335; x_wconf 84' lang='lat' dir='ltr'><strong>properciusG</strong></span> <span class='ocrx_word' id='word_1_391' title='bbox 1243 4281 1308 4334; x_wconf 85' lang='lat' dir='ltr'><strong>pro-</strong></span> 
     </span>
     <span class='ocr_line' id='line_1_49' title="bbox 153 4335 1309 4409; baseline -0.002 -16"><span class='ocrx_word' id='word_1_392' title='bbox 153 4340 276 4409; x_wconf 85' lang='lat' dir='ltr'><strong>piciusG</strong></span> <span class='ocrx_word' id='word_1_393' title='bbox 335 4338 488 4393; x_wconf 87' lang='lat' dir='ltr'><strong>bellerofon</strong></span> <span class='ocrx_word' id='word_1_394' title='bbox 501 4339 626 4392; x_wconf 79' lang='lat' dir='ltr'><strong>nostiG</strong></span> <span class='ocrx_word' id='word_1_395' title='bbox 691 4337 1072 4408; x_wconf 67' lang='lat' dir='ltr'><strong>monstrumdffhillippicus</strong></span> <span class='ocrx_word' id='word_1_396' title='bbox 1087 4335 1168 4406; x_wconf 82' lang='lat'><strong>33⁶0)</strong></span> <span class='ocrx_word' id='word_1_397' title='bbox 1235 4336 1309 4391; x_wconf 89' lang='lat' dir='ltr'><strong>bello</strong></span> 
     </span>
    </p>
   </div>
   <div class='ocr_carea' id='block_1_4' title="bbox 153 4458 1310 4590">
    <p class='ocr_par' dir='ltr' id='par_1_16' title="bbox 153 4458 1310 4590">
     <span class='ocr_line' id='line_1_50' title="bbox 193 4458 1310 4526; baseline 0 -16"><span class='ocrx_word' id='word_1_398' title='bbox 193 4465 208 4499; x_wconf 83' lang='grc'>*</span> <span class='ocrx_word' id='word_1_399' title='bbox 225 4462 368 4511; x_wconf 82' lang='lat' dir='ltr'><strong>Asteriscum</strong></span> <span class='ocrx_word' id='word_1_400' title='bbox 382 4461 452 4523; x_wconf 77' lang='lat' dir='ltr'><strong>posui</strong></span> <span class='ocrx_word' id='word_1_401' title='bbox 468 4460 507 4510; x_wconf 85' lang='lat' dir='ltr'><strong>ubi</strong></span> <span class='ocrx_word' id='word_1_402' title='bbox 517 4460 610 4521; x_wconf 81' lang='lat' dir='ltr'><strong>salsum</strong></span> <span class='ocrx_word' id='word_1_403' title='bbox 619 4460 721 4511; x_wconf 76' lang='lat' dir='ltr'><strong>scholion</strong></span> <span class='ocrx_word' id='word_1_404' title='bbox 732 4460 769 4511; x_wconf 82' lang='lat' dir='ltr'><strong>uel</strong></span> <span class='ocrx_word' id='word_1_405' title='bbox 779 4469 893 4526; x_wconf 77' lang='lat' dir='ltr'><strong>suspectae</strong></span> <span class='ocrx_word' id='word_1_406' title='bbox 899 4461 962 4526; x_wconf 82' lang='lat' dir='ltr'><strong>fidei</strong></span> <span class='ocrx_word' id='word_1_407' title='bbox 978 4466 1044 4511; x_wconf 79' lang='lat' dir='ltr'><strong>erat:</strong></span> <span class='ocrx_word' id='word_1_408' title='bbox 1061 4476 1141 4510; x_wconf 70' lang='lat' dir='ltr'><strong>uersu</strong></span> <span class='ocrx_word' id='word_1_409' title='bbox 1152 4458 1310 4525; x_wconf 63' lang='lat' dir='ltr'><strong>suppositicior</strong></span> 
     </span>
     <span class='ocr_line' id='line_1_51' title="bbox 153 4526 479 4590; baseline 0 -14"><span class='ocrx_word' id='word_1_410' title='bbox 153 4528 271 4577; x_wconf 79' lang='lat' dir='ltr'><strong>inclinatis</strong></span> <span class='ocrx_word' id='word_1_411' title='bbox 283 4528 366 4576; x_wconf 78' lang='lat' dir='ltr'><strong>litteris</strong></span> <span class='ocrx_word' id='word_1_412' title='bbox 377 4526 479 4590; x_wconf 72' lang='lat' dir='ltr'><strong>signant.</strong></span> 
     </span>
    </p>
   </div>
   <div class='ocr_carea' id='block_1_5' title="bbox 0 0 1568 4980">
    <p class='ocr_par' dir='ltr' id='par_1_17' title="bbox 0 0 1568 4980">
     <span class='ocr_line' id='line_1_52' title="bbox 0 0 1568 4980; baseline 0 0"><span class='ocrx_word' id='word_1_413' title='bbox 0 0 1568 4980; x_wconf 95' lang='lat' dir='ltr'><strong> </strong></span> 
     </span>
    </p>
   </div>
  </div>
 </body>
</html>
