3038 4988
555 375 778 438 EXCVRSVS.
1191 382 1247 436 187

93 535 115 588 P
123 531 313 606 pentbelia'en,
327 533 475 588 Conradus
493 532 530 588 de
550 535 632 589 Mure
646 533 810 603 pentbi'elem
828 530 949 587 exhibet.
987 530 1045 587 Sed
1063 533 1118 586 hoc
1132 531 1245 603 ponti-

90 606 152 659 dem
165 603 238 659 mira
250 603 410 658 constantia
421 603 489 658 boni
502 614 638 674 respuunt
651 605 773 673 codices,
784 621 837 658 nec
847 613 941 673 potest
953 620 1051 657 uerum
1064 619 1136 671 esse,
1147 619 1244 672 quarn-

91 676 134 730 uls
153 676 182 730 in
201 675 341 731 editiones
358 692 424 729 suas
439 675 593 730 Merkelius
611 687 639 731 et
657 686 722 745 post
736 693 801 729 eum
815 674 927 729 Riesius
941 672 1113 728 admiserint.
1151 675 1245 728 Causa

90 747 194 801 erroris
206 763 241 800 ex
258 763 292 801 eo
305 746 381 816 quod
395 747 523 801 Penthea
540 763 605 801 cum
620 749 749 816 Lycurgo
767 747 859 800 solent
872 751 974 814 poetae
987 743 1157 812 coniungere
1170 754 1244 798 tam-

91 834 177 887 quam
190 817 301 886 impios.
340 816 425 871 Diod.
441 817 480 871 iii.
496 817 539 886 65.
557 831 575 884 4
593 823 649 871 Τῶν
668 818 696 870 δέ
718 816 898 870 κολασθέντων
919 813 962 869 ὑπ’
981 816 1060 869 αὐτοῦ
1081 819 1166 883 φασιν
1186 815 1244 868 ε’πι·

89 889 270 956 φανεστάτους
282 882 345 942 εἶναι
357 887 457 941 Πενθέα
470 889 517 956 μέν
528 888 598 956 παρὰ
609 889 665 942 τοῖς
671 885 797 954 Ἕλλησι,
810 885 947 957 Μύῤῥανον
959 884 987 939 δέ
1000 884 1171 949 τὸνβασιλέα
1183 883 1243 956 παρ’

89 957 188 1024 Ἰνδοῖς,
208 963 357 1029 Λυκοῦργον
375 958 403 1011 δέ
421 959 491 1028 παρὰ
509 960 564 1013 τοῖς
581 958 673 1028 θραξί.
712 961 782 1012 Hor.
798 959 828 1013 C.
842 957 869 1012 ii.
887 972 926 1027 19.
943 971 975 1023 14
987 961 1112 1026 tectaque
1123 956 1245 1010 Penthei

89 1029 217 1084 Disiecta
236 1045 292 1083 non
309 1029 368 1083 leui
386 1031 474 1083 ruina
498 1028 617 1083 Thracis
635 1034 664 1083 et
681 1031 801 1083 aritium
821 1030 955 1099 Lycurgi.
987 1028 1069 1097 Prop.
1089 1025 1125 1081 iv.
1148 1040 1186 1093 17.
1208 1042 1242 1095 23

94 1101 287 1169 Vesanamque
305 1117 381 1153 noua
402 1101 573 1169 nequiquam
593 1102 625 1154 iu
644 1102 703 1154 uite
721 1102 892 1171 Lycurgum,
911 1098 1048 1152 Pentheos
1066 1098 1097 1151 in
1116 1099 1243 1168 triplices

87 1171 193 1235 funera
200 1177 290 1241 grata
297 1187 407 1241 greges.
438 1170 522 1224 Trist.
536 1189 560 1224 v.
576 1186 600 1238 3.
615 1185 649 1240 39
665 1171 735 1225 Ossa
747 1171 918 1241 bipenniferi
927 1171 968 1224 sic
983 1171 1043 1224 siut
1056 1169 1130 1222 male
1141 1172 1243 1238 pressa

89 1242 218 1312 Lycurgi
234 1242 330 1312 Impia
350 1258 400 1295 nec
415 1246 509 1312 poena
522 1241 661 1295 Pentheos
679 1243 779 1295 umbra
796 1247 883 1296 uacet.
916 1242 987 1294 Met.
1006 1239 1042 1295 iv.
1061 1254 1094 1292 22
1115 1238 1241 1293 Pentliea

89 1317 129 1393 tu,
149 1313 313 1382 uenerande,
331 1313 590 1383 bipenniferumque
605 1314 769 1383 Lycurgum
783 1315 807 1367 S
807 1312 943 1382 acn‘legos
958 1316 1071 1365 mactas.
1109 1309 1242 1379 Apollod.

89 1398 127 1436 tu.
159 1398 206 1450 .1,
220 1397 244 1437 2.

125 1394 265 1508 Fiibulam
279 1452 399 1522 Lycurgi
412 1452 519 1523 primus
534 1454 677 1508 Homerus
689 1448 815 1508 narrauit
829 1453 862 1508 Il.
874 1451 910 1507 vi.
928 1467 978 1521 130

266 1524 332 1577 Οὐδὲ
350 1525 402 1595 γὰρ
421 1524 481 1578 οὐδὲ
500 1522 631 1593 Δρύαντος
647 1526 702 1580 υἱὸς
714 1525 836 1595 κρατερός
848 1522 996 1595 Λυκόοργος

267 1595 320 1662 Δὴν
338 1591 377 1661 ἦν,
396 1594 425 1650 ὅς
441 1592 475 1664 ῥα
493 1594 593 1649 θεόῖσιν
610 1594 803 1662 ἐπουρανίοισιν
821 1596 911 1665 ἔριζεν.

260 1663 309 1720 ‘Os
325 1686 389 1720 ποτε
406 1665 569 1735 μαινομένοιο
588 1664 732 1720 Διωνύσοιο
749 1665 852 1734 τιθήνας

265 1740 327 1790 Σεῦε
345 1735 397 1790 κατ’
416 1733 528 1807 ἠγάθεον
546 1734 669 1802 Νυσήιον·
696 1738 723 1789 αἶ
740 1733 764 1789 δ’
782 1737 834 1804 ἅμα
851 1738 934 1791 πᾶσαι

266 1805 377 1861 θύσθλα
394 1807 475 1877 χαμαὶ
493 1805 640 1878 κατέχευαν,
658 1805 700 1863 ὑπ’
718 1807 891 1877 ἀνδροφόνοιο
909 1805 1058 1878 Λυκούργου

266 1880 414 1942 Θεινόμεναι
432 1880 573 1949 βουπλῆγι.
604 1879 736 1934 Διώνυσος
748 1878 776 1931 δέ
788 1878 916 1949 φοβηθεὶς

265 1946 359 2002 Δύσεθ
378 1950 442 2004 ἁλὸς
460 1949 523 2003 κατὰ
542 1951 616 2017 κῦμα,
635 1949 710 2005 θέτις
728 1946 751 2002 δ’
768 1948 909 2016 ὑπεδέξατο
927 1949 1016 2031 κόλπιρ

265 2019 392 2073 Δειδιότα’
419 2020 541 2090 κρατερός
558 2022 609 2089 γὰρ
628 2021 673 2091 ἔχε
690 2022 786 2090 τρόμος
803 2020 896 2090 ἀνδρὸς
913 2021 1019 2086 ὁμοκλή.

264 2090 306 2160 tq
323 2091 370 2158 μέν
387 2087 466 2145 ἔπειτ’
484 2089 613 2145 ὀδύσαντο
631 2090 686 2144 θεοὶ
704 2090 759 2161 ῥεῖα
778 2092 892 2159 ζώοντες,

264 2160 314 2214 Καί
331 2182 375 2230 μιν
392 2163 494 2230 τυφλὸν
511 2161 586 2228 ἔθηκε
604 2163 703 2233 Κρόνου
720 2164 790 2216 παῖς·
815 2159 869 2215 οὐδ’
887 2157 926 2230 ἄρ’
945 2160 984 2214 ἔτι
1002 2158 1048 2227 δήν

259 2226 321 2297 Ἦν,
339 2230 395 2286 έπεὶ
413 2232 580 2286 ἀθανάτοισιν
597 2231 728 2302 ἀπήχθετο
746 2235 813 2287 πᾶσι
831 2232 938 2287 θεοῖσιν.

88 2305 125 2357 Et
151 2295 228 2372 apud
254 2303 412 2356 Homerum
433 2302 548 2372 quidem
573 2305 716 2373 Lycurgus
741 2311 856 2372 propter
879 2301 1054 2372 impietatem
1076 2308 1177 2356 caecus
1200 2303 1238 2357 fit.

86 2373 172 2443 Apud
195 2373 366 2442 Sophoclem
387 2373 483 2442 Antig.
503 2385 554 2442 955
577 2391 637 2444 sqq.
658 2374 782 2443 πετρώδει
807 2374 986 2443 κατάφρακτος
1009 2373 1037 2427 έν
1062 2372 1149 2442 δεσμῷ
1171 2390 1239 2427 saxo

86 2443 210 2498 inclusus
220 2460 238 2497 a
248 2445 363 2497 Baccho
372 2443 452 2513 perit.
478 2445 667 2513 Apollodorus
677 2444 706 2498 in
718 2447 851 2514 Pangaeo
864 2454 960 2499 monte
973 2442 1052 2514 equis
1063 2443 1238 2509 dilaniatum,

87 2514 219 2584 Hyginus
236 2513 265 2567 in
283 2514 423 2584 Rhodope
440 2515 586 2583 pantheris
603 2514 746 2569 obiectum
763 2515 857 2569 tradit.
896 2515 1090 2570 Idem-tamen
1107 2514 1238 2582 Hyginus

86 2585 142 2639 alio
158 2587 222 2639 loco
239 2598 290 2651 242
308 2584 401 2654 ipsum
418 2602 449 2639 se
467 2584 641 2641 interfecisse
660 2585 735 2641 dicit.
775 2586 832 2640 Sed
845 2585 1006 2656 discrepant
1020 2585 1105 2640 etiarn
1118 2585 1236 2655 reliqua.

86 2657 165 2710 Nam
176 2655 351 2725 Apollodoro
363 2664 436 2710 teste
449 2654 488 2711 iii.
502 2668 525 2725 5.
542 2671 552 2710 1
568 2659 712 2738 Lycurgus
730 2665 881 2726 postquam
900 2657 1016 2711 insanus
1029 2657 1119 2711 factus
1132 2665 1207 2710 esset
1220 2673 1238 2710 a

85 2727 209 2794 Baccho,
228 2725 317 2779 filium
334 2743 417 2780 suum
437 2729 604 2796 Dryantem,
623 2727 688 2782 uitis
710 2727 852 2797 surculum
872 2737 958 2796 ratus,
978 2726 1068 2782 securi
1090 2726 1237 2794 interfecit,

85 2813 173 2867 seque
198 2797 259 2866 ipse
284 2796 431 2851 mutilauit.
485 2798 648 2853 Secundum
676 2799 822 2868 Hyginum
850 2814 898 2867 132
923 2800 1073 2869 Lycurgus
1096 2799 1237 2871 Dryantis

76 2868 163 2937 filius
175 2869 308 2921 Liberum
320 2869 354 2921 cle
366 2884 452 2939 reguo
455 2869 587 2939 fugauit
618 2885 700 2938 quem
712 2887 775 2924 cum
789 2876 905 2940 negaret
915 2871 997 2923 deum
1014 2886 1070 2922 esse
1082 2870 1237 2938 uiriumque

83 2938 194 2992 bibisset
210 2944 239 2992 et
255 2939 349 2992 ebrius
366 2942 492 2992 matrem'
503 2957 585 2993 suam
604 2942 714 2994 uiolare
733 2941 875 3009 uoluisset,
894 2946 963 2995 tuuc
978 2942 1050 2993 ui'tes
1062 2941 1184 2993 exci‘dere
1196 2945 1238 2993 est

83 3015 208 3078 coriatus,
221 3010 299 3079 quod
312 3010 416 3063 di'ccret
432 3011 511 3064 illud
525 3012 633 3065 malurn
652 3012 883 3065 medicamentum
897 3029 960 3079 esse,
978 3011 1055 3079 quod
1069 3015 1172 3063 mentes
1183 3013 1235 3063 im-

83 3086 216 3134 mutaret.
246 3081 300 3150 qui
309 3082 424 3134 insania
436 3082 470 3134 ab
482 3082 582 3135 Libero
595 3083 697 3136 obiecta
709 3099 825 3135 uxorem
841 3099 923 3136 suam
939 3087 967 3135 et
977 3082 1076 3151 filium
1088 3081 1235 3151 interfecit.

84 3151 172 3204 Hunc
190 3150 302 3206 uidetur
321 3161 433 3206 secutus
453 3153 514 3207 Val.
535 3154 654 3207 Flaccus
668 3153 686 3206 i.
699 3167 751 3221 729
764 3155 848 3207 talem
866 3154 955 3206 incita
971 3152 1236 3221 longisPorticibus

82 3223 260 3291 coniunxque
262 3223 349 3292 fugit
359 3224 475 3292 natique
487 3224 657 3294 Lycurgum.
685 3223 817 3294 Denique
829 3232 902 3278 teste
915 3221 1014 3277 Seruio
1024 3221 1061 3275 ad
1072 3223 1140 3275 Aen.
1150 3221 1188 3274 iii.
1204 3236 1234 3288 14

84 3291 129 3348 ed.
139 3292 223 3346 Thilo
232 3294 301 3346 dum
314 3297 509 3363 contempnens
518 3295 650 3348 Liberum
663 3295 723 3348 eius
735 3299 867 3364 amputat
879 3295 958 3361 uites,
969 3310 1054 3347 crura
1063 3308 1116 3344 sua
1125 3293 1234 3361 incinit,

83 3379 206 3432 quocum
218 3362 324 3417 faciunt
342 3365 438 3417 Acron
455 3374 483 3419 et
502 3365 678 3434 Porphyrion
692 3365 728 3420 ad
743 3368 811 3419 Hor.
828 3368 858 3420 C.
873 3365 899 3418 ii.
918 3379 955 3433 19.
974 3378 1011 3430 14.
1051 3364 1088 3415 Et
1103 3365 1233 3417 Lucanus

82 3431 120 3488 iii.
142 3447 192 3501 431
215 3434 253 3486 Iu
273 3450 327 3486 sua
347 3435 493 3489 credebant
511 3437 654 3490 redituras
675 3437 798 3490 membru
821 3452 928 3490 secures
948 3436 1022 3489 hanc
1042 3433 1233 3490 narrationem

82 3503 204 3573 respexit
226 3514 256 3558 ut
279 3504 387 3559 monuit
410 3506 504 3560 Schol.
525 3506 644 3561 Vseneri
665 3506 693 3560 in
713 3507 765 3562 loc.
785 3508 909 3577 Licurgi
927 3506 1057 3560 ui‘delicet
1076 3506 1234 3575 exemplum

81 3576 210 3629 timentes
221 3592 294 3644 quae
300 3578 405 3644 passus
416 3581 458 3630 est
469 3594 487 3629 a
499 3578 608 3631 Libero.
651 3627 653 3629 ,

118 3647 162 3698 Ex
180 3645 224 3701 his
246 3645 316 3699 satis
336 3646 409 3700 bene
428 3663 526 3701 uersus
547 3647 636 3701 Ibidis
656 3646 818 3717 explicabis,
838 3647 861 3701 si
880 3648 969 3717 finges
989 3649 1148 3718 Lycurgum
1167 3664 1232 3704 cum

82 3713 170 3768 filium
192 3731 274 3769 suurn
295 3726 442 3786 tamquam
463 3717 550 3771 uitem
572 3717 662 3772 securi
684 3728 823 3785 necasset,
843 3718 919 3773 idem
938 3720 1025 3773 telum
1045 3720 1123 3787 (Luc.
1143 3719 1160 3774 i.
1182 3720 1233 3788 576

80 3788 162 3866 saeui
179 3788 314 3840 contorsit
332 3789 399 3840 tela
418 3788 559 3868 Lycurgi)
578 3787 607 3841 in
626 3804 657 3842 se
676 3789 868 3844 conuertisse:
894 3806 962 3843 nam
981 3791 1036 3845 hac
1054 3790 1114 3845 siue
1133 3800 1232 3859 morte,

80 3873 141 3911 siue
162 3857 354 3911 membrorum
379 3867 581 3926 amputatione,
606 3857 654 3911 filii
679 3858 767 3927 patris
792 3859 820 3914 in
846 3878 877 3914 se
901 3861 1023 3915 furorem
1048 3863 1231 3916 ulciscuntur.

81 3927 166 3995 Quod
183 3927 252 3981 dixit
269 3928 370 3981 telum
386 3945 507 3982 nouum
525 3928 615 3998 potuit
634 3930 797 3998 ambiguam
815 3947 916 3984 uocem
934 3933 1067 4001 βουπλῆγι
1083 3931 1231 4000 respicere,

80 4014 166 4067 quam
179 3997 226 4051 alii
240 3996 392 4067 stimulum,
406 3998 453 4052 alii
467 3999 588 4053 securim
600 3998 864 4070 interpretabantur.

114 4069 279 4122 Penteliden
303 4068 371 4138 quid
403 4069 447 4137 sit,
484 4071 596 4124 haereo.
655 4073 789 4125 Putaram
819 4089 854 4126 ex
883 4070 1058 4126 theroletcu*
1090 4071 1229 4153 corrumpi

79 4138 214 4209 potuisse,
236 4149 382 4208 tamquam
408 4142 552 4209 Lycurgus
577 4142 723 4195 Bacchum
748 4142 800 4196 sub
821 4143 898 4197 ferae
923 4142 1018 4211 specie
1031 4142 1114 4197 tauri
1140 4143 1229 4196 leonis

78 4209 159 4280 pardi
189 4209 345 4279 pantherae
371 4209 448 4278 (Ant.
475 4211 536 4266 Lib.
561 4210 589 4278 x)
615 4213 766 4281 adgressus
791 4213 881 4267 suerit.
933 4215 1018 4267 Nunc
1046 4212 1160 4282 propius
1192 4214 1229 4266 ad

78 4297 177 4335 uerum
190 4289 259 4349 puto
272 4280 407 4335 accedere
418 4283 590 4337 Penteliden
602 4284 648 4338 uel
660 4284 826 4338 Paetali‘dcu
839 4301 874 4338 ex
888 4284 957 4338 Ptol.
973 4283 1009 4337 iii.
1025 4299 1064 4352 11,
1078 4299 1116 4352 12,
1131 4284 1229 4352 Steph.

79 4353 145 4421 Byz.
170 4351 300 4404 Παιταλία
322 4354 401 4422 μοῖρα
425 4351 532 4422 θρᾴκης.
575 4355 606 4407 τὸ
634 4353 733 4408 ε’θνικὸν
757 4357 942 4422 Παιταλιώτής.
989 4355 1074 4423 Quod
1100 4354 1123 4409 si
1154 4363 1229 4409 recte

211 4491 225 4525 *
243 4489 343 4552 Hesych.
355 4488 493 4554 θηρολέτης·
511 4490 620 4555 κυνηγός,
649 4493 752 4556 Fulgent.
766 4493 844 4556 Myth.
857 4495 888 4542 iii.
902 4507 914 4542 a
927 4493 1100 4546 corruerimus.
