3038 4988
173 372 228 427 112
569 366 919 429 COMMENTARIVS.

172 526 251 596 Quae
267 527 312 579 uis
329 526 444 579 dearum
460 530 501 580 est
517 527 654 581 manium.
697 543 788 582 oeeee.
804 529 907 580 forme
924 524 958 580 ‘a
976 525 1125 579 skeleton
1140 526 1162 580 :'
1182 525 1271 580 ‘And
1288 527 1351 580 then

169 596 231 651 also
244 597 324 650 when
338 596 397 650 into
409 614 484 665 ayre,
494 613 542 665 my
554 597 623 653 selle
636 598 708 651 shall
722 597 822 652 turned
834 597 870 651 be
884 616 891 650 ι
911 598 964 665 My
976 597 1135 665 lyvelesse
1147 597 1274 651 shadow
1284 598 1350 652 shall

170 667 236 720 with
250 668 323 735 hate,
337 684 440 736 pursue
452 668 500 722 the
513 678 609 737 gostes
622 668 654 721 of
662 669 736 723 thee.
767 670 849 723 Then
862 667 922 721 also
935 667 1107 736 myndefull
1123 668 1161 720 of
1170 669 1226 737 thy
1239 668 1349 736 deedes‚

171 738 184 790 I
199 738 261 806 wyll
272 739 321 806 thy
331 738 478 791 shadowes
488 739 591 793 chase:
610 739 677 792 And
692 740 702 791 l
718 755 736 792 a
747 739 824 807 bony
833 738 922 792 forme
932 738 1037 806 wylbe,
1049 737 1126 792 with
1138 740 1211 792 thee
1225 739 1256 792 in
1270 757 1349 808 every

170 807 251 877 place
261 810 268 836 ’
280 811 313 863 T.
328 808 516 863 Vnderdown.
615 812 682 864 145.
701 813 785 873 quod
796 812 913 863 nollem
926 818 956 862 ut
971 810 1015 862 M.
1030 806 1094 863 xiii.
1110 809 1170 862 862
1184 810 1246 863 Ille
1258 816 1348 863 tamen

167 879 331 948 placeatque
351 879 406 932 sibi
421 881 583 948 placeatque
599 880 698 947 licebit,
720 881 804 949 Quod
821 880 931 947 nollem,
952 879 1090 946 Galatea,
1112 881 1180 934 tibi.
1216 881 1305 936 Trist.
1324 881 1348 936 ii.

171 963 224 1017 239
235 950 279 1002 At
289 951 322 1017 si,
335 951 413 1018 qued
421 951 542 1017 mallem
556 967 664 1004 uacuus
667 951 793 1021 fortasse
795 951 909 1021 fuisses.
943 952 983 1003 M.
997 949 1048 1003 xii.
1060 963 1117 1018 541
1135 952 1222 1019 quod
1235 953 1347 1006 mallem

167 1023 248 1089 posse
259 1037 369 1089 negare.
400 1025 659 1085 oonsumptuseb
671 1025 772 1076 annis.
802 1020 881 1075 Alias
894 1019 1058 1090 simplicem
1071 1020 1248 1076 ablatiuum
1262 1023 1347 1092 ponit,

169 1106 190 1143 c.
210 1098 317 1143 senecta
334 1091 395 1144 tabe
413 1108 476 1144 usu.
514 1091 755 1161 Praepositionem
768 1090 814 1145 hic
826 1090 936 1146 addidit
952 1101 982 1145 ut
999 1095 1163 1160 correptus
1174 1094 1213 1146 ab
1225 1095 1347 1164 ignibus,

172 1162 213 1215 M.
236 1161 292 1216 viii.
319 1174 377 1229 514,
403 1179 459 1231 quo
488 1161 692 1231 significantius
721 1162 859 1231 originem
887 1161 961 1216 tabis
985 1162 1181 1232 exprimeret,
1209 1174 1241 1218 et
1268 1165 1346 1234 quasi

170 1231 392 1301 praesentiorem
414 1232 472 1285 uim
494 1232 576 1287 annis
598 1233 740 1288 tribueret.
779 1236 889 1302 Driger
908 1232 925 1286 i.
946 1248 973 1301 p.
995 1245 1059 1300 507.
1144 1237 1347 1307 ,14011111

169 1303 254 1357 faeta
266 1303 417 1373 opponitur
428 1304 561 1357 naturali
571 1305 628 1358 leto
640 1323 648 1369 ;
667 1321 723 1374 quo
735 1321 787 1358 usu
800 1301 913 1372 saepius
926 1302 1070 1357 inuenitur
1089 1305 1177 1374 apud
1192 1307 1344 1361 Senecam

170 1373 262 1443 Epist.
279 1389 322 1440 41.
341 1388 356 1441 3
377 1378 473 1444 specus
493 1391 550 1428 nen
571 1392 659 1428 manu
671 1376 771 1446 factus
788 1376 839 1429 sed
853 1373 1035 1427 naturalibus
1052 1377 1158 1428 causis
1176 1384 1346 1431 excauatus.

173 1444 250 1512 55.6
276 1444 423 1514 speluncae
449 1462 537 1498 manu
555 1446 661 1515 sactae.
700 1447 741 1514 58.
766 1460 800 1514 3²
817 1447 908 1515 finem
932 1461 989 1497 nen
1013 1448 1157 1514 appen'n'
1178 1449 1236 1501 sed
1258 1463 1349 1502 manu

159 1516 264 1586 secere.
294 1517 339 1569 De
355 1516 401 1568 Ira
414 1514 441 1569 ii.
455 1530 472 1584 9
485 1516 606 1569 uiolatus
615 1516 714 1586 fontes
726 1519 841 1570 uenenis
853 1522 880 1570 et
886 1516 1085 1586 pestilentiam
1108 1535 1207 1571 manu
1219 1520 1343 1588 saetam.

171 1588 217 1640 De
235 1586 335 1640 breuit.
353 1585 428 1639 uitae
447 1585 484 1640 iii.
504 1601 519 1639 2
537 1587 645 1639 morbos
663 1605 732 1656 quas
751 1605 839 1640 manu
851 1587 982 1656 ficimus.
1055 1589 1131 1641 148.
1150 1593 1260 1652 piscis
1277 1594 1346 1645 edet

170 1656 211 1711 sic
233 1657 269 1712 de
289 1656 435 1724 naufragio
455 1657 572 1726 loquens
592 1657 676 1712 Trist.
696 1658 713 1712 i.
732 1673 757 1712 2.
778 1658 811 1726 56
829 1658 872 1711 Et
889 1673 945 1711 nen
962 1659 1114 1725 aequoreis
1131 1661 1271 1727 piscibus
1292 1679 1346 1716 esse

169 1727 269 1781 et'bum.
350 1730 417 1783 149.
435 1732 618 1792 peregrinae
630 1731 783 1783 uolucres.
821 1730 890 1782 Her.
903 1746 928 1782 x.
944 1742 1001 1795 121,
1018 1742 1067 1794 123
1080 1729 1230 1797 Spiritus
1242 1734 1347 1802 infelix

165 1801 335 1869 peregrinas
343 1797 396 1852 ibit
407 1800 438 1850 in
448 1800 556 1851 auras?
583 1799 652 1852 Ossa
664 1800 864 1870 superstabunt
875 1800 1002 1852 uolucres
1012 1797 1179 1854 inlmmata
1189 1805 1347 1858 marinae?

170 1872 238 1923 152.
256 1873 379 1934 plebeio
398 1867 489 1938 qualis
508 1869 620 1924 deceret
640 1869 761 1939 aliquem
780 1869 901 1923 miserae
919 1868 1009 1938 plebis
1030 1868 1118 1934 (Hor.
1143 1872 1175 1926 S.
1197 1872 1217 1928 i.
1239 1874 1268 1928 8.
1293 1874 1344 1942 10).

171 1957 286 2005 eorpus
298 1944 401 2005 inane,
415 1939 475 1993 sine
488 1939 547 1993 uita
559 1950 587 1994 et
607 1940 706 2010 spiritu
718 1943 782 1995 Am.
796 1940 834 1994 iii.
847 1955 872 2008 9.
885 1940 910 2007 6,
925 1941 1007 2009 Prop.
1020 1937 1059 1993 iii.
1074 1939 1142 2008 (iv.)
1162 1943 1206 1997 18.
1223 1958 1270 2012 32,
1286 1945 1344 2000 Cic.
1453 1974 1454 1977 ¹

171 2010 207 2065 de
233 2012 298 2079 Leg.
323 2010 350 2065 ii.
376 2011 406 2064 18
430 2011 500 2063 ebur
522 2028 559 2063 er
580 2012 666 2064 t'nani
687 2014 801 2081 corpore
823 2016 980 2065 extractum
1011 2010 1182 2079 (Saluagn.)
1199 2037 1227 2056 ε
1244 2015 1344 2068 ‹inole-
1453 2011 1454 2015 ’

169 2083 291 2137 λοιπότος
303 2083 394 2150 ψυχὴν
406 2082 525 2150 σώματος
539 2082 610 2136 Plat.
625 2083 692 2151 Leg.
705 2082 758 2151 956
770 2083 804 2137 A.
908 2084 973 2136 153.
992 2083 1164 2144 Quidquid
1177 2101 1248 2153 ero,
1263 2087 1345 2157 quid·
1453 2118 1454 2124 .

171 2152 239 2222 quid
254 2152 290 2207 de
309 2169 354 2206 me
373 2153 421 2206 fiet
439 2162 469 2205 ut
490 2153 572 2221 Prop.
591 2151 608 2207 i.
629 2168 668 2221 19.
687 2168 715 2205 11
736 2154 803 2207 Illic
819 2153 961 2222 quidquid
974 2169 1028 2218 ere,
1047 2156 1168 2221 semper
1183 2160 1245 2209 tua
1263 2159 1348 2212 dicar

170 2225 272 2294 imago.
295 2221 313 2277 i.
330 2238 369 2276 11.
383 2222 417 2276 26
432 2223 581 2292 Quidquid
589 2241 643 2291 ero,
656 2225 747 2277 dream
762 2223 884 2294 Cynthia
896 2222 1050 2291 causasuit
1061 2222 1186 2292 (Sala).
1224 2228 1264 2282 G.
1278 2228 1296 2282 i.
1310 2229 1344 2297 36

173 2293 322 2363 Quidquid
338 2295 402 2347 eris.
438 2295 502 2347 Am.
522 2293 560 2347 iii.
583 2309 621 2348 11.
635 2308 676 2363 49.
716 2295 789 2348 Get
804 2295 860 2348 Vat
882 2294 987 2348 habent
1011 2292 1170 2361 Quidquid
1187 2300 1255 2351 erit
1276 2299 1306 2353 h.
1320 2317 1344 2354 e.

171 2365 368 2434 quodcumque
393 2364 513 2432 eueniet,
535 2373 564 2417 ut
583 2366 653 2420 Aen.
673 2384 698 2420 v.
718 2377 771 2430 710
794 2365 942 2434 Que’dqueit
962 2365 1024 2431 erit,
1047 2367 1173 2432 superat
1197 2372 1343 2436 quoniam

160 2437 295 2506 fortuna,
314 2451 472 2505 sequamur.
545 2440 618 2489 ante
640 2452 675 2490 oe
697 2438 863 2500 oculosque
886 2437 948 2489 Cat.
967 2434 1001 2488 ix.
1020 2448 1037 2501 9
1049 2452 1056 2500 ;
1086 2434 1223 2502 primum
1248 2450 1343 2494 totum

170 2524 211 2575 os,
236 2506 340 2561 deinde
364 2516 474 2576 partem
498 2522 554 2574 qua
585 2506 714 2575 cernitur,
740 2506 816 2561 dicit.
923 2509 988 2560 159.
1006 2508 1154 2560 Verbera
1180 2524 1289 2565 saeue.
1314 2522 1342 2566 ut

169 2581 234 2633 Am.
253 2577 269 2632 i.
288 2591 313 2644 7.
330 2577 355 2645 6,
377 2591 416 2644 13.
439 2576 490 2642 183
518 2575 657 2644 significat
678 2577 816 2645 impetum
838 2592 894 2647 quo
915 2577 1033 2630 uerbera
1058 2574 1288 2635 incutiebantur
1311 2591 1342 2636 ut

172 2650 238 2704 Luc.
260 2648 306 2702 vii.
331 2647 389 2716 569.
434 2663 594 2711 nexaeque
616 2651 753 2703 colubris
772 2650 864 2716 11001,
889 2664 963 2701 noue
986 2646 1098 2700 uidetur
1123 2651 1341 2718 excogitatum.

169 2723 235 2773 160.
256 2721 391 2773 Conscia
404 2717 410 2744 ‘
417 2717 522 2786 guilty.'
549 2721 590 2771 ad
602 2719 733 2772 admotas
743 2720 780 2772 ad
789 2720 898 2773 uultum
911 2717 1049 2786 significat
1062 2717 1151 2772 laces.
1189 2721 1341 2777 Vsitatius

169 2790 268 2843 suisset
281 2789 312 2843 ab
325 2805 376 2842 era
388 2789 459 2842 Aen.
472 2787 516 2841 xii.
531 2788 591 2856 863.
627 2792 719 2844 tenea
756 2785 1082 2858 Axioch.372'‘11uda(in
1096 2789 1242 2861 Tartaro)
1259 2793 1342 2861 θηρσὶ

168 2862 385 2931 περιλιχμώμενοι
395 2860 435 2911 καὶ
444 2859 578 2926 λαμπάσιν
587 2860 713 2929 ε’πιμόνως
721 2858 876 2927 πυρούμενοι
885 2863 985 2912 Ποινῶν
992 2860 1033 2911 καὶ
1041 2860 1131 2911 πᾶσαν
1139 2859 1233 2914 αἰκίαν
1243 2863 1341 2930 deusd·

168 2953 240 2999 μενοι
252 2930 341 2984 ἀϊδίοις
353 2930 484 2999 τιμωρίαις
496 2928 642 2998 τρύχοντοι.
725 2934 787 2986 161.
805 2933 898 2985 furiis
914 2933 1074 2996 agitabere
1086 2930 1176 2985 Rosc.
1190 2933 1266 2989 Am,
1279 2936 1294 3002 ξ
1305 2936 1341 2989 66

169 3003 205 3056 de
218 3000 373 3056 matricidis
392 3000 531 3053 Videtisne
548 3007 582 3054 ut
598 3019 643 3055 eas
660 3002 770 3072 agitent
780 3003 894 3056 Furiae.
921 3003 936 3068 §
950 3001 984 3067 67
998 3000 1109 3069 agitari
1124 3006 1156 3053 et
1168 3005 1344 3071 perterreri

102 3120 105 3125 .
169 3075 329 3128 Fure'anem
344 3073 432 3126 taedis
446 3072 616 3126 ardentibus.
699 3076 764 3128 162.
782 3076 911 3127 breuior
927 3087 1029 3137 poena
1045 3087 1133 3151 quam
1153 3082 1186 3126 ut
1206 3076 1339 3131 sufficiat

169 3145 206 3198 ad
225 3160 354 3213 poenam.
461 3144 527 3196 164.
546 3146 784 3207 Indeploratum
801 3149 903 3208 eaput.
946 3141 1030 3195 Trist.
1044 3158 1080 3194 111.
1095 3155 1118 3208 3.
1133 3154 1171 3210 45
1192 3144 1263 3199 Sed
1277 3149 1340 3201 sine

159 3216 316 3286 funeribus
334 3217 420 3283 eaput
436 3210 494 3279 bac,
513 3215 573 3267 sine
590 3213 694 3267 benere
711 3214 840 3284 sepulcri,
859 3214 1073 3338 Indeploratum
1097 3211 1227 3267 barbara
1256 3223 1339 3272 terra

168 3288 263 3356 teget?
360 3287 426 3338 165.
444 3287 581 3339 traheris
599 3301 680 3352 unc0,
699 3285 774 3341 unde
792 3283 922 3338 hametra
943 3300 1006 3337 anes
1023 3284 1075 3352 qui
1091 3297 1166 3335 unco
1185 3287 1340 3342 cadauera

168 3357 291 3411 trabunt
303 3357 407 3409 Paulus
422 3355 499 3408 Festi
512 3373 538 3424 p.
557 3369 603 3408 102
616 3357 658 3408 Μ.
673 3354 781 3423 (Sala).
855 3358 919 3408 166.
938 3370 1046 3408 unaue.
1063 3354 1194 3420 Corpora
1207 3356 1338 3414 damna-

169 3437 262 3482 torum
280 3437 431 3497 postquam
449 3424 477 3478 in
491 3443 603 3481 carcere
616 3426 672 3479 leto
690 3425 782 3481 affecti
795 3426 914 3493 fuerant,
926 3442 999 3479 unco
1012 3426 1062 3494 pe'r
1074 3433 1207 3479 mentum
1228 3431 1339 3485 suffixo

169 3499 207 3552 ad
221 3497 375 3552 Gemonias
388 3496 578 3551 trahebantur.
619 3496 695 3550 Dion
710 3498 741 3551 C.
754 3498 789 3552 lx.
806 3510 836 3566 35
850 3497 915 3551 Τοὺς
926 3496 955 3549 ἐν
967 3499 1003 3566 τῷ
1016 3495 1186 3583 δεσμωτηρίῳ
1199 3495 1338 3555 θανατου-

168 3567 258 3638 μένους
271 3567 419 3637 ἀγκίστροις
437 3589 491 3621 τισι
509 3568 633 3638 μεγάλοις
650 3568 675 3620 οἱ
693 3565 779 3636 δήμιοι
796 3568 823 3622 is
840 3590 867 3621 re
886 3566 931 3635 ripe
947 3565 1045 3636 ἀγορὰν
1056 3566 1177 3618 ονεῖλκον
1189 3567 1340 3626 κάντεῦθεν

169 3640 195 3693 ἐς
219 3639 264 3691 τὸν
287 3638 402 3706 ποταμὸν
425 3636 527 3708 ἔσυρον.
564 3637 638 3692 Vide
660 3655 732 3708 quae
754 3637 896 3707 congessit
911 3636 1024 3706 'Mayor
1048 3635 1085 3690 ad
1111 3636 1212 3692 quen.
1238 3658 1268 3694 >e
1291 3643 1337 3698 66.

170 3713 235 3770 167,
254 3711 319 3761 168.
350 3708 500 3776 Sepultura
521 3709 630 3763 carebis
659 3725 712 3763 nec
744 3709 772 3762 in
796 3726 865 3778 rogo
888 3709 1054 3776 absumptus
1075 3722 1129 3787 nec
1152 3705 1183 3760 in
1216 3714 1338 3768 tumulo

169 3780 326 3852 quiescens.
381 3781 443 3834 167.
458 3786 592 3846 serpunt
601 3790 777 3834 consumunt.
803 3782 958 3834 flammae.
985 3779 1048 3831 Am.
1059 3776 1096 3830 iii.
1107 3791 1131 3844 9.
1142 3791 1177 3842 41
1183 3780 1339 3848 flammas

168 3851 285 3923 regales.
370 3853 434 3904 168.
454 3855 600 3915 Respuet.
639 3851 887 3920 Quemadmodum
900 3847 1116 3903 Atheniensium
1128 3848 1195 3916 lege
1209 3864 1338 3910 cautum

169 3934 212 3979 est
234 3939 270 3977 ne
293 3921 321 3974 in
343 3920 439 3975 Attica
463 3921 647 3991 sepelirentur
671 3921 828 3991 proditores
850 3922 896 3980 uel
917 3919 1054 3987 sacrilegi,
1072 3919 1237 3990 horumque
1261 3942 1337 3980 non.

168 4011 323 4064 numquam
344 3992 430 4046 etiam
449 4010 516 4048 ossa
532 3991 746 4060 effodiebantur,
771 3991 813 4046 sic
831 4001 859 4047 te
878 4009 934 4045 non
954 3990 1045 4060 patria
1062 3989 1163 4055 solum,
1191 3993 1248 4047 sed
1271 3998 1337 4052 ubi-

168 4083 289 4136 cumque
311 4063 417 4119 iacebis
439 4065 521 4118 tellus
542 4062 633 4130 eiciet,
655 4062 719 4116 iusti
743 4061 889 4132 sanctique
910 4063 1083 4116 uiolatorem.
1121 4058 1200 4116 Vide
1225 4065 1336 4124 Herm,

170 4140 269 4205 Hager
278 4135 394 4206 Journal
407 4134 439 4187 of
449 4134 597 4203 Philology
609 4133 664 4188 viii.
679 4148 753 4201 1-13.
807 4136 931 4188 humus.
945 4130 1123 4187 Contrarium
1136 4141 1182 4185 est
1196 4137 1284 4203 quod
1298 4140 1338 4196 de

169 4208 270 4263 Publio
285 4204 415 4261 Cornelio
429 4205 562 4275 Scipione
574 4205 660 4259 habet
675 4203 825 4275 Inscriptio
840 4205 911 4259 CIL.
926 4219 946 4258 1.
961 4217 995 4271 33
1008 4214 1069 4265 QVA
1082 4242 1088 4255 .
1103 4213 1165 4255 RE.
1181 4215 1335 4266 LVBENs,

167 4292 226 4333 ΤΕ.
242 4291 277 4331 111
292 4289 415 4332 GREMIV
434 4288 533 4332 501110
553 4287 697 4330 11101111.
712 4288 835 4330 11111111.
851 4287 940 4328 PVBLI
960 4284 1154 4327 PROGNATVM
1168 4313 1175 4327 .
1190 4286 1336 4339 1>an10.

168 4361 316 4404 0011111111.
383 4351 446 4403 169.
466 4350 578 4402 tardus
591 4346 638 4415 qui
651 4351 812 4412 unguibus
825 4352 856 4400 01
869 4351 971 4399 rostro
984 4343 1063 4399 tarde
1077 4341 1190 4398 scindet
1205 4347 1338 4423 uiscera,

167 4430 196 4474 et
210 4419 290 4489 quasi
304 4419 473 4473 scrutabitur
483 4418 575 4486 (Lucr.
584 4417 620 4471 iii.
632 4419 696 4487 985)
710 4413 1184 4500 1011111511111(Α111ν159911111)
1198 4430 1336 4500 pectore„

169 4491 246 4546 Male
270 4491 343 4545 Salu.
366 4491 401 4546 de
423 4490 504 4545 tardo
526 4490 622 4544 uolatu
643 4489 760 4545 uulturis
785 4489 919 4545 mtellexrt
941 4505 975 4543 ex
998 4485 1164 4554 1s1d.0r1g.
1189 4504 1284 4560 xu.7.
1304 4511 1337 4552 12
