3038 4988
559 394 783 457 EXCVRSVS.
1189 406 1245 460 179

91 554 127 608 iis
140 554 216 624 quod
229 562 295 609 ante
308 551 538 620 commemoraui,
552 553 579 606 h.
588 569 612 606 e.
627 549 660 605 δι’
671 549 777 620 αἵραται
788 553 950 621 παραλαβεῖν
961 552 1007 620 τὴν
1018 553 1132 623 χώραν.λ
1161 555 1246 608 Hanc

91 625 313 694 Astymedusam
336 624 396 678 siue
420 623 571 677 Medusam
596 621 703 690 (Schol.
727 623 833 678 Phoen.
856 635 897 693 55,
919 624 1051 694 Apollod.
1074 624 1101 680 ii.
1123 639 1149 691 4.
1171 623 1198 694 5)
1221 624 1246 678 si

92 695 213 764 scriptor
228 694 326 763 Ibidis,
344 693 542 763 nescioquem
560 702 682 760 secutus,
699 693 855 761 patruelem
874 694 991 750 finxerat
1010 695 1070 750 eius
1087 695 1132 750 cui
1151 692 1247 765 nupsit

93 765 260 836 Oedipodis,
280 764 421 821 artissime
440 763 631 818 cohaerebunt
651 769 719 816 uota
736 765 855 818 sinestra
873 764 978 820 Thesei
999 765 1029 819 in
1050 766 1247 836 Hippolytum,

93 836 252 906 Oedipodis
265 836 294 891 in
310 836 382 890 filios
396 851 480 889 suos:
503 851 570 889 nam
590 844 617 887 et
636 832 665 886 hi
685 842 713 888 et
732 832 778 888 ille
796 851 949 891 nouercam
968 836 1135 892 sollicitasse
1151 837 1247 892 crede·

91 908 203 962 bantur.
242 909 335 977 Atque
348 905 523 960 Pitthiden
540 920 639 959 uerum
654 921 718 958 esse
735 904 826 974 magis
843 905 970 961 adducor
986 918 1016 961 ut
1034 908 1157 978 credam,
1170 908 1248 979 quod

94 978 264 1044 Merkelium
277 977 362 1032 uideo
375 976 416 1031 sic
429 975 585 1030 coniecisse

306 1050 345 1102 Et
364 1064 436 1117 quae
456 1045 596 1100 Pitthides
614 1045 689 1114 fecit,
707 1044 868 1116 pariterque
888 1046 1023 1103 Molinae.

94 1119 137 1174 Cf.
151 1121 235 1174 Paus.
248 1137 274 1173 v.
287 1133 312 1174 2.
326 1134 342 1171 2
361 1119 396 1172 ὧς
412 1117 440 1170 δὲ
459 1116 603 1188 ἡμάρτανον
619 1116 661 1169 καί
675 1114 777 1184 τούτου,
790 1116 907 1184 Μολίνην
923 1117 1016 1171 θέσθαι
1034 1117 1120 1188 φασὶν
1133 1119 1176 1173 ε’πί
1193 1122 1248 1175 τοῖς

91 1190 211 1244 πολίταις
227 1189 346 1258 κατάραι,
364 1187 395 1256 ἢν
408 1186 530 1256 Ἰσθμίων
547 1186 581 1256 μὴ
600 1186 698 1241 θελῶσι
716 1183 867 1257 είργεσθαιε
892 1187 922 1242 in
941 1188 1051 1243 Isthmo
1066 1188 1143 1245 enim
1161 1189 1248 1244 etiam

94 1258 283 1331 Hippolytum
296 1259 432 1314 afflictum
445 1257 539 1313 fuisse.
563 1256 653 1382 (Puod
666 1273 838 1327 quamquam
851 1257 998 1327 ingeniose
1010 1269 1040 1314 ut
1054 1260 1125 1314 solet
1138 1260 1248 1330 excogi-

93 1331 173 1400 tauit,
188 1329 335 1385 obscurior
354 1329 402 1383 illa
421 1328 548 1383 Molinae
583 1327 678 1384 euotio
695 1344 781 1397 quam
800 1345 954 1397 quaecum
973 1329 1122 1399 Hippolyti
1141 1347 1249 1386 conexa

93 1400 149 1456 sit:
173 1411 234 1456 tum
253 1401 300 1455 uix
320 1399 494 1456 Ouidianum
512 1408 572 1454 erat
592 1408 657 1468 post
675 1415 748 1468 quae
764 1398 907 1454 Pittlu'des
918 1400 992 1470 fecit
1012 1417 1088 1455 noua
1110 1410 1250 1456 structura

93 1472 200 1528 addere
213 1473 381 1542 pariterque
397 1469 527 1524 Molinae
544 1468 644 1540 (uota).
682 1471 785 1538 Neque
803 1468 865 1539 ipse
883 1470 1037 1526 Merkelius
1057 1471 1249 1528 coniecturam

94 1559 176 1598 suam
189 1542 218 1596 in
231 1559 346 1597 carmen
359 1540 482 1595 admisit.

131 1615 264 1668 Ceterum
282 1622 348 1683 post
366 1610 612 1680 interpretationes
628 1609 850 1664 aliomm-nam
869 1610 939 1665 nihil
958 1630 992 1666 ex
1010 1611 1055 1667 his
1072 1629 1179 1668 nouum
1197 1613 1250 1668 fuit

93 1683 149 1738 nisi
162 1684 239 1755 quod
246 1684 400 1754 fraterque
410 1682 547 1736 Medusae
559 1681 595 1736 de
609 1680 721 1750 Oedipo
733 1679 840 1750 primus
853 1681 1052 1752 interpretatus
1066 1683 1250 1739 sum—liceat

94 1754 164 1809 mihi
177 1754 285 1826 aliquid
296 1752 439 1823 peculiare
451 1753 575 1822 proferre
588 1761 616 1805 et
629 1752 665 1806 de
678 1769 751 1806 meo.

131 1828 209 1880 Nam
226 1826 278 1880 sub
291 1824 379 1879 dubio
397 1823 444 1877 illo
460 1821 643 1877 Penthides
660 1821 819 1878 Pentides
836 1831 947 1892 poterat
964 1822 1050 1878 etiam
1063 1823 1141 1878 aliud
1153 1825 1249 1880 latere.
1342 1818 1345 1823 ⁴

96 1896 269 1951 Hauthalius
282 1895 311 1950 in
325 1893 446 1950 Scholiis
458 1892 579 1948 Acronis
592 1892 630 1946 ad
644 1894 715 1948 Hor.
728 1892 746 1947 i.
759 1894 801 1948 28.
819 1909 851 1947 ιο
869 1892 1010 1963 panthoi
1023 1894 1101 1950 uarie
1114 1895 1250 1965 scriptum

94 1967 254 2037 panthois
279 1964 397 2036 panthi
423 1965 566 2034 penthus
588 1962 692 2020 tradit:
721 1980 806 2045 quam
828 1964 949 2019 eandem
972 1967 1160 2034 corruptelam
1182 1965 1250 2020 Rib-

94 2037 212 2092 beckius
230 2038 339 2106 Proleg.
358 2053 405 2106 pp.
420 2036 480 2103 384,
495 2047 508 2103 5
526 2034 588 2089 fuse
606 2051 641 2088 ex
653 2033 770 2102 Verg1lii
788 2035 935 2090 codicibus
953 2034 1109 2091 illustrauit.
1149 2039 1250 2106 Itaque
1275 2095 1276 2099 ,

96 2107 304 2163 Panthoides
321 2125 355 2161 ex
375 2105 561 2162 Penthides
578 2104 667 2160 elicio.
705 2104 790 2174 Quod
806 2105 829 2159 si
848 2123 914 2160 uere
931 2106 1022 2175 elicui,
1035 2107 1073 2161 ad
1091 2109 1251 2162 Homerum

95 2177 273 2234 reuoluimur.
312 2178 459 2233 Panthous
475 2176 552 2230 enim
569 2193 641 2230 unus
657 2193 691 2231 ex
707 2174 881 2245 principibus
895 2176 1082 2232 Troianorum
1095 2196 1130 2234 ex
1143 2179 1251 2233 Phron-

95 2249 155 2304 tide
176 2249 248 2304 fillos
269 2257 326 2304 tres
346 2247 453 2302 creauit
472 2245 679 2315 Pulydamanta
701 2247 886 2315 Euphorbum
907 2249 1102 2318 Hyperenora.
1140 2251 1184 2303 Ex
1205 2247 1250 2304 his
1286 2277 1288 2281 ⁴

96 2319 218 2375 Panthoi
244 2319 307 2374 filiis
330 2317 453 2373 Romani
475 2328 578 2388 poetae
599 2334 686 2371 unum
709 2319 895 2386 Euphorbum
918 2319 1097 2376 Panthoiden
1119 2319 1252 2376 uidentur

95 2391 267 2460 nominasse,
278 2390 356 2461 quod
364 2406 469 2445 nomen
479 2388 566 2444 etiam
579 2387 607 2441 in
619 2387 709 2442 Iliade
718 2388 805 2444 habet
815 2389 867 2444 xvi.
880 2390 931 2445 808
944 2389 1089 2458 Πανθοίδης
1101 2393 1251 2461 Εὔφορβος,

95 2461 130 2516 ci.
148 2461 212 2516 xvii.
226 2463 269 2530 81,
287 2471 314 2516 et
333 2474 369 2527 70
386 2459 540 2514 Πανθοίδαα.
579 2460 649 2513 Ηοι.
664 2460 694 2512 C.
712 2457 728 2513 i.
746 2459 787 2513 28.
802 2474 837 2513 20
854 2460 1009 2530 habentque
1031 2461 1058 2514 T
1054 2466 1156 2516 artare
1173 2463 1251 2515 Pan-

95 2532 216 2586 thoiden.
243 2531 328 2586 Ouid.
340 2533 380 2585 M.
391 2549 435 2585 xv.
448 2530 493 2584 161
508 2529 681 2583 Panthoides
688 2528 862 2599 Euphorbus
869 2549 956 2586 eram.
989 2533 1051 2587 Iam
1065 2542 1094 2587 ut
1105 2533 1251 2586 Panthous

95 2602 172 2658 circa
185 2603 329 2657 Priamum
343 2601 389 2672 (Il.
402 2600 439 2655 iii.
457 2600 517 2669 146)
532 2598 573 2654 sic
587 2599 707 2654 Panthoi
728 2599 800 2654 filius
817 2601 988 2669 Pulydamas
1003 2601 1079 2657 circa
1096 2604 1251 2657 Hectorem

95 2675 262 2744 plemmque
279 2682 408 2727 uersatur
427 2671 493 2739 (xiii.
508 2682 569 2740 725,
585 2671 645 2740 756,
664 2669 717 2725 xiv.
735 2685 796 2739 440,
813 2685 874 2741 449,
893 2691 935 2727 xv.
954 2672 1015 2741 446,
1033 2674 1094 2742 458,
1114 2684 1172 2742 515,
1193 2675 1251 2743 518,

96 2744 171 2799 xviii.
185 2743 260 2814 249).
297 2746 374 2798 Nam
392 2741 492 2812 reliqui
512 2741 560 2795 filii
579 2741 749 2811 Euphorbus
762 2751 790 2796 et
805 2743 974 2811 Hyperenor
986 2745 1074 2799 semel
1093 2753 1203 2798 tantum
1222 2744 1251 2798 in

95 2815 187 2870 aciem
206 2814 355 2884 prodeunt,
375 2813 546 2883 Euphorbus
566 2828 622 2882 quo
641 2811 687 2866 die
707 2812 868 2867 Patroclum
889 2814 946 2867 telo
965 2813 1094 2869 coniecto
1114 2815 1252 2883 uulnerat,

96 2894 183 2956 atque
201 2885 263 2955 ipse
281 2902 299 2939 a
319 2885 452 2938 Menelao
471 2882 609 2938 occiditur
628 2882 692 2949 (xvi.
711 2883 763 2938 808
778 2899 849 2952 sqq,
868 2883 931 2938 xvii.
950 2896 991 2953 59,
1006 2885 1061 2954 60),
1083 2886 1253 2955 Hyperenor

95 2973 161 3011 cum
175 2974 192 3011 a
206 2956 340 3010 Menelao
354 2954 508 3024 perimitur,
521 2953 598 3024 quod
614 2970 651 3009 ne
668 2953 760 3023 ipsum
778 2953 893 3024 quidem
910 2953 964 3008 nisi
978 2971 995 3010 a
1010 2956 1144 3010 Menelao
1156 2972 1252 3010 narra-

95 3037 156 3082 tum
178 3036 221 3082 est
241 3025 316 3096 (xvii.
336 3025 390 3093 24).
427 3025 487 3080 Sed
505 3024 639 3094 quoniam
659 3023 782 3078 Panthoi
802 3041 867 3078 cum
888 3024 1010 3092 Priamo,
1029 3025 1252 3081 Panthoidarum

95 3114 161 3152 cum
176 3097 327 3153 Priamidis
343 3095 467 3151 maxima
483 3095 535 3150 fuit
551 3094 740 3163 necessitudo,
753 3095 891 3150 habemus
907 3112 963 3166 quo
980 3096 1117 3151 referatur
1129 3097 1206 3166 quod
1222 3097 1251 3151 in

98 3169 188 3224 Ibidis
201 3186 285 3224 uersu
302 3177 345 3224 est
362 3165 594 3221 obscurissimum
612 3166 716 3220 frater
734 3165 904 3220 Medusae.
944 3168 1021 3220 Nam
1040 3168 1163 3222 Medusa
1180 3167 1253 3223 inter

97 3239 169 3295 filias
183 3238 288 3294 Priami
305 3248 468 3293 recensetur
479 3255 497 3292 a
510 3236 605 3291 multis
620 3238 694 3374 qu.
710 3236 752 3305 89,
768 3237 898 3306 Apollod.
913 3235 951 3290 iii.
968 3252 1006 3292 12.
1023 3249 1046 3306 5,
1062 3239 1145 3293 Paus,
1158 3256 1183 3293 x.
1198 3239 1250 3294 26:

97 3309 183 3381 idque
195 3311 301 3366 fecerat
313 3308 493 3364 Stesichorus
508 3306 643 3376 (Pausa.
654 3324 676 3362 s.
696 3326 704 3372 ;
726 3323 793 3361 nam
810 3307 887 3376 apud
901 3309 1059 3362 Homerum
1076 3325 1181 3364 nomen
1193 3327 1251 3365 non

97 3380 246 3437 inuenitur.
285 3380 344 3435 Sed
357 3396 410 3448 age
422 3395 520 3433 uersus
534 3377 728 3446 inspiciantur.

311 3452 348 3505 Et
367 3466 440 3519 quae
460 3448 633 3503 Panthoides
652 3447 718 3503 fecit
737 3448 773 3503 de
792 3448 877 3504 fratre
897 3448 1037 3504 Medusae

346 3520 489 3576 Eueniant
508 3518 613 3588 capiti
632 3529 699 3573 uota
718 3518 832 3574 sinistra
850 3531 914 3575 tuo.

135 3595 169 3647 In
190 3593 293 3663 quibus
314 3592 402 3646 uerba
423 3590 478 3645 ista
498 3590 590 3671 capiti
607 3595 657 3644 tuo
678 3606 735 3643 non
757 3600 864 3647 temere
884 3590 978 3661 posita
999 3591 1052 3646 sed
1072 3592 1153 3662 quasi
1175 3602 1253 3648 certa

96 3663 294 3733 designatione
307 3663 345 3718 ad
357 3662 450 3732 ipsum
465 3663 607 3731 Sphingos
621 3660 713 3715 cubile
726 3677 778 3716 nos
791 3661 948 3717 deductura
960 3662 1089 3718 arbitror.
1127 3666 1204 3719 Nam
1220 3665 1251 3718 ll

97 3735 161 3790 xvii.
175 3736 210 3803 38
229 3733 403 3788 Panthoides
416 3733 596 3802 Euphorbus,
609 3741 761 3803 postquam
778 3731 804 3788 ei
822 3744 943 3789 mortem
960 3735 1110 3790 Menelaus
1128 3735 1252 3792 minatus

96 3815 150 3876 est,
163 3807 234 3861 haec
247 3804 315 3861 dicit

303 3872 342 3928 Ἠ
360 3876 389 3928 κε’
406 3876 473 3944 σφιν
491 3874 603 3928 δειλοῖσι
620 3876 685 3944 γόου
703 3875 853 3943 κατάπαυμα
871 3874 999 3945 γενοίμην,

310 3944 344 3999 Εί
359 3966 401 4000 κεν
418 3946 470 4016 ἐγὼ
488 3945 604 4015 κεφαλήν
623 3967 651 3997 τε
669 3944 728 4012 τεὴν
745 3946 787 3998 καὶ
803 3944 848 3999 τείν
868 3944 888 3997 ε’
899 3945 996 4000 ε’νείκατ

310 4016 406 4086 Πάνθῳ
424 4017 451 4069 ἐν
469 4017 590 4088 χείρεσσι
608 4017 683 4079 βάλω
702 4017 743 4069 καί
762 3967 881 4084 Φρόντίθι
898 4015 948 4082 δίη.

135 4090 221 4143 Hanc
239 4087 361 4156 capitis
381 4087 594 4142 deuotionem
617 4086 789 4156 Euphorbus
809 4085 970 4155 inprecatur
990 4086 1124 4140 Menelao
1142 4101 1251 4140 memor

97 4160 144 4215 ille
163 4158 279 4229 quidem
297 4157 389 4213 fratris
408 4158 445 4213 ab
464 4175 498 4213 eo
517 4167 583 4213 ante
602 4156 698 4223 occisi,
717 4157 794 4226 quod
815 4156 892 4211 idem
914 4157 1003 4211 satum
1025 4156 1175 4210 Menelaus
1197 4154 1250 4224 ipsi

96 4230 244 4285 minitatus
256 4239 324 4284 erat.
363 4229 421 4284 Sed
437 4246 494 4283 non
511 4228 547 4283 de
565 4229 619 4282 hoc
634 4229 719 4283 fratre
732 4234 799 4282 uota
812 4226 859 4282 illa
871 4229 990 4282 sinistra
1002 4226 1078 4296 facit,
1091 4235 1190 4296 utpote
1203 4225 1251 4279 diu

96 4300 155 4357 iam
174 4309 295 4367 mortuo,
312 4300 363 4355 sed
382 4300 418 4354 de
436 4317 471 4354 eo
490 4317 574 4370 quem
592 4300 678 4369 paulo
697 4308 763 4354 ante
780 4316 895 4354 caesum
910 4314 928 4354 a
941 4297 1059 4354 Graecis
1076 4307 1125 4353 aut
1142 4295 1251 4351 uiderat

95 4466 228 4579 aaaPlut.
236 4466 300 4528 Pyrr.
308 4465 339 4515 ix.
347 4462 391 4524 τῆς
400 4463 516 4527 τραγικῆς
525 4461 583 4526 ἀρᾶς
591 4459 693 4524 ἔνείνηςς
706 4459 800 4524 θηκτῷ
811 4459 921 4525 σιδήρῳ
934 4460 1012 4521 δῶμα
1024 4458 1183 4521 διαλαχεῖν
1196 4457 1253 4508 τοὺς
1308 4516 1310 4519 ,

128 4539 225 4594 erpotis.

640 4609 665 4656 N
691 4611 708 4655 2
