3038 4988
79 378 93 410 ‘
164 407 220 467 ns
562 398 911 462 commuuimus,

160 568 204 616 est
219 565 332 615 sacrata
354 560 483 614 Tonanti.
556 561 627 613 285.
645 561 733 613 dedit
751 561 852 613 coltile
870 554 972 624 saliuit‚
991 564 1021 609 ut
1040 553 1156 623 saepius
1177 553 1207 607 in
1229 555 1324 607 Meta-

161 634 271 702 morph.
308 647 431 686 summu
449 632 511 684 Val.
535 631 567 684 F.
580 629 633 686 nii,
651 631 705 684 606
728 631 760 683 in
781 646 893 682 summa
917 626 1053 697 Lapithes
1073 627 1218 695 apparuit
1241 626 1321 678 Ossa.

162 706 331 757 Thessalus
349 718 453 755 nomen
472 700 546 769 regis
565 701 767 755 Thessalorum
787 699 872 753 Diod.
892 697 927 752 iv.
948 710 1024 766 541.
1063 697 1106 751 cf.
1124 697 1199 751 Vell.
1218 697 1251 750 P.
1266 696 1282 749 i.
1298 711 1321 763 3.

165 775 269 828 Chron.
293 774 397 827 Euseb.
424 772 461 826 ad
489 788 554 826 ann.
574 772 707 840 Abrahae
727 785 779 837 224
801 770 864 823 κατὰ
885 767 991 823 τούτους
1008 767 1068 822 τοὺς
1087 770 1200 836 χρόνους
1218 772 1324 835 πρῶτος

161 845 320 905 ἐβασίλευσε
338 844 489 897 θεσσαλίας
507 845 521 894 ὁ
541 846 649 911 Γραικοῦ
666 844 727 896 παῖς
745 840 893 895 θέσσαλος.
931 840 1015 908 Quod
1033 838 1197 893 Scholiasta
1218 839 1321 890 Ionum

163 916 237 969 hunc
259 913 345 968 luisse
368 913 443 982 dicit,
466 930 550 983 quem
576 912 698 967 eundem
723 929 756 966 ac
782 911 888 965 Lucani
918 912 1019 963 Ionum
1047 909 1094 976 (vi.
1115 925 1169 975 402
1200 910 1323 963 Primus

166 986 326 1041 Thessaliae
347 991 438 1038 rector
457 986 569 1038 telluris
586 985 674 1037 Ianus
694 984 731 1037 In
747 983 877 1052 formam
901 982 1008 1035 calidae
1027 982 1172 1050 percussit
1190 980 1322 1049 pondera

162 1073 277 1123 massae,
287 1056 321 1110 cf.
332 1055 530 1110 CassiodVar.
540 1054 629 1122 iii.31)
640 1055 814 1108 Schraderus
821 1052 920 1106 habuit
929 1069 974 1121 ap.
984 1051 1163 1119 Merkelium,
1173 1050 1321 1104 crederem

163 1127 187 1180 si
201 1127 236 1180 de
249 1125 481 1196 praecipitatione
497 1125 558 1179 Ioni
571 1124 705 1179 traditum
719 1123 870 1194 quicquam
883 1132 965 1177 esset.
1011 1125 1082 1176 286.
1100 1125 1321 1187 praecipitere.

163 1199 315 1267 Nusquam
339 1198 394 1250 hoc
418 1196 454 1250 de
479 1197 617 1250 Thessalo
641 1195 767 1249 traditur.
875 1198 945 1249 287.
963 1195 1143 1259 Eurylochi.
1186 1192 1322 1245 Eundem

163 1267 311 1322 habeode
330 1284 385 1337 quo
404 1266 509 1336 scripta
527 1267 598 1320 haec
617 1265 711 1320 inueni
731 1265 759 1319 in
779 1266 840 1319 cod.
862 1266 968 1318 Canon.
983 1277 1025 1331 72,
1044 1280 1070 1331 p.
1084 1262 1155 1331 25¹³*
1171 1264 1322 1318 cenobates

162 1355 216 1393 rex
227 1338 385 1392 Thessaliae
396 1340 531 1408 templum
543 1339 651 1391 Cereris
659 1337 812 1391 combussit.
843 1336 924 1390 Ceres
932 1351 999 1390 uero
1008 1336 1068 1387 siue
1076 1335 1193 1403 Iupiter
1200 1335 1324 1386 immisit

162 1413 316 1478 serpentem
329 1411 456 1477 quicum
471 1409 630 1462 deuorauit.
653 1408 703 1462 ille
714 1412 826 1477 serpens
837 1409 869 1459 in
881 1407 988 1460 caelum
1000 1406 1160 1459 translatus
1171 1410 1213 1458 est
1225 1405 1325 1473 utqui

163 1481 248 1534 illum
272 1479 459 1535 uellerent-ob
483 1480 594 1532 iniuria
620 1479 736 1532 deorum
761 1479 937 1532 abstinerent.
989 1477 1071 1530 Haec
1095 1476 1199 1529 eadem
1223 1475 1323 1528 fabula

164 1551 280 1619 Hygino
290 1560 403 1604 narrata
413 1558 456 1603 est
469 1549 505 1603 de
516 1549 621 1618 Triopa
633 1566 698 1618 rege
710 1549 875 1603 Thessaliae
886 1549 915 1602 P.
927 1549 961 1602 A.
971 1547 999 1600 ii.
1013 1561 1045 1613 14
1057 1548 1223 1600 Nouissime
1230 1550 1323 1615 prope

163 1623 204 1675 ad
219 1623 372 1675 terminum
394 1623 471 1674 uitae
487 1621 607 1674 dracone
625 1621 724 1674 obiecto
745 1621 822 1673 mola
839 1619 971 1689 plurima
987 1621 1143 1687 perpessus,
1164 1617 1323 1685 aliquando

164 1699 281 1746 mortem
298 1694 424 1762 adeptus,
436 1693 514 1744 inter
523 1697 603 1744 astra
617 1691 726 1744 Cereres
742 1692 890 1744 uoluntate
904 1695 945 1743 est
962 1691 1137 1743 constitutus.
1178 1688 1238 1742 Sed
1257 1687 1323 1741 uide

164 1764 330 1817 Excursum.
403 1765 475 1815 288.
493 1768 583 1816 artus
597 1764 671 1830 Hyg.
684 1764 714 1816 P.
724 1763 758 1815 A.
771 1775 803 1827 14
814 1762 916 1832 Itaque
927 1760 1019 1813 adhm
1030 1760 1149 1813 uidetur
1158 1775 1224 1811 eum
1237 1760 1324 1812 draco

163 1835 370 1904 circumplexus
378 1839 492 1886 aeterna
505 1839 670 1885 maerentem
680 1834 785 1902 officere
792 1836 894 1902 poena.
948 1833 1017 1884 289.
1036 1835 1177 1884 maturet
1188 1838 1323 1898 properet

165 1904 264 1973 ‘bring
277 1921 313 1957 on
326 1904 422 1957 before
435 1902 471 1956 its
485 1902 569 1957 time!
607 1905 677 1956 Hor.
689 1906 719 1957 C.
731 1903 767 1956 iii.
779 1916 804 1969 7.
816 1903 900 1970 14-16
912 1903 999 1956 nimis
1012 1902 1094 1955 Casto
1107 1901 1327 1970 Bellerophonti

166 1977 338 2029 Maturare
357 1991 479 2028 necem.
519 1974 591 2027 Cels.
603 1973 649 2027 vii.
660 1986 684 2039 7.
696 1986 711 2040 7
726 1991 771 2027 eos
782 1976 835 2043 qui
845 1976 1004 2028 carcinoma
1016 1972 1118 2025 hahent
1128 1987 1234 2043 curare
1244 1973 1324 2041 peri-

165 2046 291 2100 culosum
304 2051 363 2098 est:
381 2062 448 2098 nam
461 2054 599 2098 mortem
612 2062 720 2113 quoque
730 2063 763 2098 ea
775 2062 819 2098 res
830 2054 960 2099 maturat.
1059 2045 1132 2095 290.
1149 2045 1213 2095 Per
1225 2048 1325 2107 eaput

165 2119 297 2170 infusae.
335 2116 428 2170 Schol.
439 2117 509 2169 Ven.
526 2116 558 2168 Il.
572 2114 600 2168 ii.
614 2127 661 2183 145
682 2118 695 2167 ὁ
712 2116 840 2170 Δαίδαλος
855 2116 960 2169 διαπτὰς
973 2115 1008 2168 εἷς
1020 2114 1135 2181 Κάμικον
1146 2114 1194 2178 τῆς
1206 2115 1326 2168 Σικελίας

165 2187 248 2254 ἔμεινε
265 2187 335 2255 παρὰ
351 2189 406 2240 ταῖς
419 2187 543 2238 Κωκάλου
556 2185 723 2255 θυγατράσιν,
736 2183 782 2255 ὑφ’
795 2182 831 2239 ὧν
843 2189 857 2238 ὁ
871 2186 964 2253 Μίνως,
977 2185 1043 2253 ἥκων
1054 2182 1095 2237 ἐπ’
1107 2182 1266 2251 ἀναζήτησιν
1278 2188 1325 2238 τοῦ
1398 2225 1402 2231 -

165 2256 306 2321 Δαιδάλου,
320 2256 476 2324 ἀποθνήσκει
491 2256 717 2324 καταχυθέντας
729 2257 822 2310 αὐτοῦ
838 2259 951 2323 ξεστοῦ
964 2254 1084 2309 ὕδατος.
1122 2253 1172 2308 Sic
1184 2271 1248 2307 rem
1261 2272 1325 2308 nar·

166 2338 261 2381 rarant
273 2327 509 2396 Philostephanus
520 2337 547 2380 et
559 2327 748 2381 Callimachus
762 2327 791 2380 in
800 2327 899 2395 Aetiis‚
910 2326 1012 2381 diuersi
1026 2325 1064 2379 illi
1078 2341 1096 2378 a
1109 2325 1242 2378 Diodoro
1254 2341 1280 2391 4.
1292 2340 1326 2394 79

167 2397 215 2468 qui
236 2398 363 2451 Minoem
385 2397 453 2451 dicit
474 2397 592 2468 periisse
611 2415 674 2452 cum
696 2398 781 2451 nimis
802 2399 850 2452 diu
872 2398 900 2451 in
923 2396 1040 2451 thermis
1058 2396 1192 2450 detentus
1214 2396 1324 2451 fuisset.

167 2471 234 2521 291.
252 2485 367 2533 purum
378 2472 466 2523 mitis
477 2470 553 2523 ‘that
566 2469 651 2523 sailed
664 2469 693 2522 in
706 2468 749 2522 his
763 2469 978 2538 philanthropy.'
997 2468 1118 2521 Volebat
1133 2468 1325 2522 Prometheus

166 2539 321 2594 beneuolus
340 2556 403 2593 esse
424 2541 619 2608 (φιλάνθρωπος
638 2542 730 2594 Prom.
747 2539 793 2609 11)
812 2539 982 2607 hominibus,
1001 2537 1058 2607 igni
1078 2537 1204 2605 inuento,
1224 2555 1327 2592 reuera

167 2621 262 2665 autem
280 2610 401 2664 nocebat
416 2609 535 2679 (parum
553 2612 632 2664 mitis
649 2609 760 2679 euasit).
810 2612 887 2664 Nam
907 2609 1033 2680 Iuppiter
1051 2608 1138 2662 iratus
1159 2610 1326 2663 Pandoram

168 2681 282 2750 creauit,
296 2682 371 2735 unde
384 2681 480 2734 omnia
493 2683 568 2735 mala
580 2681 750 2736 hominibus.
778 2682 851 2735 Rem
861 2690 956 2735 narrat
973 2679 1117 2735 Hesiodus
1124 2677 1174 2733 Ἕ.
1189 2700 1212 2731 κ.
1226 2679 1277 2734 Ἥ.
1292 2695 1327 2749 49

168 2769 231 2822 sqq.
255 2751 358 2821 Χαίρεις
379 2755 431 2820 πῦρ
453 2751 555 2821 κλέψας
581 2753 622 2805 καὶ
641 2753 704 2820 ε’μὰς
728 2752 825 2822 Φρένας
846 2741 1031 2821 ἧπεροπεῦσας,
1054 2750 1099 2802 Σοί
1117 2749 1138 2803 τ’
1162 2751 1233 2820 αὐτῷ
1259 2751 1327 2822 μέγα

167 2825 237 2890 πῆμα
251 2823 291 2875 καὶ
300 2821 424 2890 ἀνδράσιν
433 2822 611 2890 ἐσσομένοισι.
633 2825 692 2876 Τοῖς
705 2820 727 2875 δ’
735 2824 786 2892 ἐγὼ
799 2822 854 2876 ἀντὶ
865 2825 945 2890 πυρὸς
955 2822 1030 2875 δώσω
1044 2815 1150 2891 κοκδνῷ
1162 2842 1205 2874 κεν
1214 2822 1328 2876 ἅπαντες

167 2894 313 2963 Τέρπωνται
326 2893 389 2946 κατὰ
401 2893 481 2961 θυμὸν
494 2895 535 2946 ἑὸν
548 2894 624 2946 κακὸν
636 2893 848 2963 ἀμφαγαπῶντες.
885 2896 1002 2947 Parum
1015 2896 1103 2946 mitis
1120 2909 1186 2944 cum
1207 2893 1327 2946 Sanctio

168 2964 276 3018 dictum
294 2973 363 3034 puto
382 2980 433 3032 per
450 2963 569 3018 ironiam
588 2975 733 3035 tamquam
751 2968 859 3034 parum
879 2966 960 3032 Μῆτις
978 2973 1053 3017 esset
1072 2963 1119 3032 qui
1138 2964 1328 3018 Prometheus

167 3036 329 3090 uocabatur.
357 3035 426 3089 P.V.
437 3035 469 3102 85
483 3034 657 3102 Ψευδωνῦμως
667 3057 699 3089 σε
711 3035 830 3102 δαίμονες
838 3034 978 3101 Προμηθέα
987 3037 1128 3087 Καλοῦσιν·
1143 3034 1223 3086 αὐτὸν
1233 3037 1286 3104 γάρ
1297 3056 1329 3088 σε

168 3106 208 3158 δεῖ
220 3106 384 3174 Προμηθέως.
423 3107 505 3174 Ρςορ.
519 3105 554 3158 iii.
570 3117 591 3174 5.
604 3118 628 3175 7,
639 3107 654 3159 8
670 3106 695 3159 0
702 3107 802 3176 prima
814 3105 1047 3175 infelix-fingenti
1057 3110 1135 3158 terra
1148 3105 1327 3172 Prometheo,

166 3178 222 3231 Ille
241 3192 354 3245 parum
376 3175 465 3230 cauti
483 3179 606 3246 pectoris
623 3179 683 3247 egit
700 3181 778 3247 opus.
815 3180 875 3230 Sed
892 3192 957 3230 non
974 3179 1101 3243 inpune,
1120 3191 1189 3228 nam
1210 3177 1328 3229 Prome·

168 3249 250 3301 theus
261 3248 329 3301 dum
339 3264 392 3328 per
401 3247 629 3301 beneuolentiam
641 3258 724 3301 nocet
737 3246 907 3315 hominibus,
918 3247 978 3315 ipse
990 3263 1113 3315 poenam
1126 3245 1189 3300 tulit
1202 3263 1328 3315 pascens

168 3319 320 3371 uulturium
338 3335 367 3371 in
388 3319 523 3372 Caucaso.
561 3317 647 3373 ‘Like
661 3319 846 3371 Prometheus
864 3319 959 3371 whose
978 3317 1196 3371 ill-adventured
1214 3317 1329 3386 philan-

168 3389 272 3457 thropy
294 3389 369 3442 drew
393 3388 575 3459 punishment
600 3405 637 3442 on
662 3388 791 3442 himself!
829 3390 894 3442 Hoc
918 3388 1018 3441 melius
1034 3404 1129 3457 ,quam
1154 3396 1185 3440 ut
1210 3405 1329 3452 porum

168 3463 256 3513 mitis
270 3460 305 3512 de
322 3459 430 3526 αὐθαδίᾳ
450 3458 610 3513 Promethei
628 3459 759 3528 explices,
777 3459 811 3513 cf.
826 3461 856 3513 P.
872 3461 902 3513 V.
921 3460 987 3512 1008
1009 3458 1099 3527 Τέγγει
1112 3459 1163 3527 γὰρ
1176 3459 1256 3511 οὐδὲν
1269 3459 1329 3512 οὐδὲ

169 3530 319 3598 μαλθάσσει
338 3529 398 3597 κεάρ
417 3532 512 3583 Λιταῖς·
532 3530 614 3583 δακὼν
633 3530 660 3582 δὲ
680 3533 788 3598 στόμιον
806 3530 840 3584 ὣς
857 3529 977 3599 νεοζυγὴς
994 3532 1087 3584 Πῶλος
1104 3529 1188 3594 βιάζει
1207 3531 1252 3583 καὶ
1264 3533 1330 3596 πρὸς

169 3599 240 3664 ἡνίας
252 3601 337 3667 μάχει.
361 3597 441 3666 Ἀτάρ
455 3599 598 3668 σφοδρῦνει
610 3598 635 3670 γ’
647 3601 752 3655 ἀσθενεῖ
763 3602 919 3669 σοφίσματι.
948 3599 1060 3653 Abantia
1073 3599 1171 3670 γὰρτῷ
1183 3601 1330 3668 φρονοῦντι

168 3669 203 3737 μὴ
217 3671 301 3723 καλῶς
313 3669 381 3736 Αὐτὴ
395 3667 449 3722 καθ’
463 3670 539 3737 αὑτὴν
558 3671 660 3726 οὐδένας
671 3674 743 3739 μεῖον
756 3670 856 3725 odires:
886 3670 939 3725 etsi
952 3669 1060 3724 facilius
1073 3669 1114 3724 sic
1127 3686 1193 3724 non
1205 3674 1331 3737 inpune

169 3740 207 3793 ad
232 3755 354 3809 poenam
378 3740 497 3794 refertur
523 3741 615 3809 Quam
640 3743 781 3811 quondam
805 3743 883 3796 sr'le'ci
904 3744 1050 3795 restrictus
1078 3742 1203 3794 membra
1226 3750 1331 3797 catena

169 3811 315 3864 Persoluit
322 3811 447 3879 pendens
459 3829 473 3864 e
486 3813 637 3865 uerticibus
644 3815 814 3883 praeruptis
827 3815 887 3867 Cat.
902 3812 966 3867 lxiv.
978 3812 1038 3881 296.
1149 3814 1222 3865 292.
1237 3820 1331 3868 uolu-

169 3897 239 3935 cres
257 3881 341 3932 αἰετόν
360 3882 392 3935 Ρ.
405 3883 437 3935 V.
455 3895 619 3951 1021-1025‚
640 3885 711 3937 Hes.
729 3885 836 3952 Theog.
853 3896 911 3952 525,
930 3885 983 3953 Ap.
1005 3885 1039 3935 R.
1052 3881 1079 3936 ii.
1096 3894 1171 3950 1253,
1192 3885 1330 3953 Apollod

169 3951 186 4007 i.
197 3966 222 4019 7.
234 3967 255 4021 1,
266 3952 396 4020 aquilam
408 3955 483 4021 Hyg.
496 3969 552 4021 144,
563 3955 708 4008 uulturem
716 3956 777 4008 Val.
791 3957 823 4008 F.
833 3954 879 4007 vii.
889 3966 949 4022 359,
961 3956 1072 4007 Petron.
1083 3970 1127 4022 ap.
1140 3955 1223 4023 Fulg.
1235 3957 1331 4025 Myth.

170 4023 198 4077 ii.
209 4038 233 4092 9.
271 4026 355 4077 fixus
365 4025 447 4078 Tusc.
459 4023 540 4094 Disp.
551 4024 578 4079 ii.
591 4040 630 4077 10.
641 4039 674 4092 23
688 4026 791 4094 affixus
802 4026 843 4079 ad
853 4027 1017 4079 Caucasum.
1085 4026 1154 4077 293.
1172 4027 1333 4082 Echecra-

168 4099 259 4149 tides.
284 4096 453 4149 Thessalum
463 4095 548 4149 credo
556 4095 652 4162 fuisse,
660 4104 688 4150 et
698 4113 731 4148 ex
742 4096 828 4165 stirpe
836 4096 1036 4164 Aleuadarum,
1045 4111 1112 4148 nam
1122 4097 1333 4167 testeleiano

170 4166 208 4219 ad
229 4168 312 4220 Dem.
333 4166 448 4235 Olynth.
466 4181 476 4219 1
492 4165 600 4221 Ἀλεύας
619 4167 747 4236 ἀπόγονός
764 4188 802 4221 τις
818 4171 864 4220 τοῦ
881 4166 1048 4235 Ἡρακλέους,
1068 4168 1210 4233 Θετταλός,
1224 4168 1334 4240 ἐτυράν-

170 4257 246 4291 νευσε
255 4241 306 4290 τῶν
316 4240 462 4303 θετταλῶν,
470 4233 524 4290 εἶτα
533 4238 556 4288 οἶ
566 4236 657 4290 τούτου
670 4237 767 4292 παῖδες.
794 4237 1003 4292 Echecratiden
1016 4253 1111 4304 regem
1121 4237 1335 4296 Thessalorum

169 4318 308 4361 memorat
317 4308 499 4377 Thucydides
508 4307 523 4362 i.
537 4323 601 4374 1113
619 4307 712 4377 alium,
723 4309 850 4362 Amoldo
864 4309 956 4363 iudice
969 4308 1052 4362 huius
1061 4323 1154 4376 auum,
1165 4308 1337 4368 Scholiasta

203 4445 218 4478 *
235 4445 324 4504 Sumpsi
336 4444 393 4493 haec
404 4462 434 4494 ex
443 4448 615 4494 Commentario
627 4447 650 4493 iu
663 4447 865 4508 Metamorphoses
876 4449 905 4494 ad
916 4447 940 4494 ii.
952 4460 1006 4511 139.
1032 4447 1096 4494 Idem
1106 4446 1218 4496 Scholion
1231 4461 1302 4500 extat
1314 4455 1338 4501 iu

169 4508 259 4557 Canon.
272 4523 282 4558 1
296 4511 334 4558 ubi
348 4512 469 4560 Corohates
481 4521 504 4560 ct
517 4513 606 4561 Canon.
619 4521 632 4574 7
644 4514 682 4561 ubi
696 4514 835 4562 Carnabotes
847 4529 887 4561 rex
900 4514 942 4561 iste
954 4515 1043 4563 dicitur.
1069 4513 1152 4560 Fuitne
1163 4514 1318 4576 Eurybates?
