3038 4988
514 386 863 447 COMMENTARIVS.
1212 393 1268 448 115

117 545 193 616 quod
212 546 243 598 B.
259 545 290 598 P.
305 545 342 599 N.
361 543 497 612 scriptum
515 542 602 597 fuisse
620 552 739 597 testatur
757 543 890 598 Schottus
908 544 945 597 ad
961 544 1027 598 Sen.
1042 545 1124 598 Cont.
1137 562 1163 600 x.
1177 545 1269 601 Praef.

115 619 180 670 221.
200 619 334 679 inpurae
346 614 486 682 significat
499 613 662 682 inpudicam
677 615 748 682 (Cat.
760 615 824 669 lxvi.
835 614 879 682 84)
893 623 921 668 11
934 614 1047 668 1111111121
1061 614 1153 670 sortis.
1198 632 1269 680 pro-

115 691 224 751 lapsus
235 687 309 740 Salu.
321 686 401 739 affert
413 685 531 739 Phaedr.
543 685 580 739 iii.
595 697 634 753 15.
644 685 697 751 4-6
709 686 777 738 Non
789 688 871 740 illam
881 703 992 754 quaero,
1002 702 1146 755 quaecum
1156 686 1269 740 libitum

115 765 156 811 est
155 759 300 827 „concrpit
311 757 386 809 Dein
394 760 495 826 portat
506 773 577 809 anus
588 758 717 826 ignotum
730 758 812 810 certis
824 757 972 821 mensibus,
981 758 1144 811 Nouissime
1150 760 1269 827 prolap-

114 846 176 881 sam
188 829 309 897 effundet
319 843 461 880 sarcinam
474 827 510 880 de
522 836 604 908 partu
617 836 723 880 temere
736 837 874 896 concepto
887 827 1028 908 editqque.
1086 831 1269 893 222011111-

115 902 232 963 phiam.
271 898 442 952 Noncredo
464 897 565 965 respici
587 896 1268 980 1111101Ε117ρ11101(Ο.111.312,811.’111,276),

116 987 180 1023 cum
200 968 260 1023 sine
279 967 439 1022 huiusmodi
459 967 665 1036 significatione
684 968 796 1037 saepius
815 985 870 1022 uox
888 979 1044 1038 usurpetur,
1059 971 1139 1023 Pont.
1121 968 1181 1023 tii.
1196 982 1220 1035 7.
1234 982 1267 1038 25

117 1041 146 1094 C.
157 1042 263 1110 segetis,
278 1041 318 1093 M.
328 1058 371 1093 xv.
383 1051 433 1106 755
449 1039 478 1093 C.
488 1039 632 1106 Inbam,v.
646 1053 695 1105 124
710 1039 738 1093 C.
749 1040 867 1107 Pelates,
881 1041 958 1093 Grat.
972 1040 1040 1108 Cyn.
1052 1054 1087 1106 34
1101 1040 1129 1094 C.
1136 1041 1267 1122 paludes.

115 1113 206 1164 foedo
218 1119 316 1178 utpote
329 1110 444 1163 sordida
457 1119 546 1163 matre
559 1119 651 1164 natus.
713 1113 830 1174 pressit
847 1111 1000 1163 humum‘
1008 1121 1106 1164 natum
1120 1110 1268 1179 significat.

116 1181 192 1234 humi
206 1180 282 1235 enim
295 1180 342 1249 qui
356 1180 414 1234 nati
425 1189 504 1234 erant
514 1180 736 1248 deponebantur
768 1182 839 1235 Stat.
819 1180 1002 1249 t...Si2109
1016 1182 1116 1235 tellure
1128 1184 1269 1236 cadentem

114 1253 239 1323 Excepi'
266 1251 414 1305 Turnebus
427 1251 500 1304 Adu
514 1249 576 1304 xxii.
592 1265 632 1304 11.
668 1251 778 1305 Eadem
792 1251 845 1305 tr1a
857 1251 964 1306 uerba
956 1252 1068 1307 iterau1t
1083 1254 1152 1307 Stat.
1168 1255 1196 1307 S.
1207 1271 1232 1307 v.
1245 1265 1268 1320 5.

115 1323 157 1390 69.
248 1324 317 1376 223.
338 1325 471 1402 aduerso
484 1339 518 1375 ex
531 1321 719 1374 aduersum'
695 1339 720 1375 11
734 1323 796 1375 loco
810 1339 866 1393 quo
878 1331 1010 1376 temater
1022 1323 1140 1392 peperit.
1182 1328 1269 1378 bubo

117 1395 157 1448 M.
173 1405 196 1461 5
212 1404 270 1461 549,
285 1392 334 1446 Sil.
348 1391 404 1447 viii.
418 1393 478 1460 635.
517 1391 670 1461 Hipponax
683 1392 715 1446 fr
731 1405 763 1460 54
776 1393 870 1461 Bergk
884 1414 957 1474 κριγη
948 1393 998 1446 δε
1010 1414 1105 1463 verpus
1117 1393 1229 1464 αγγελός
1240 1416 1270 1448 τε

115 1484 155 1516 και
147 1465 254 1532 κῆρυξ.
336 1466 407 1519 224.
426 1478 539 1528 graues
552 1463 589 1517 ad
602 1479 702 1516 uocem
714 1463 832 1517 refertur
846 1466 886 1517 M
899 1463 945 1517 xii.
959 1479 1010 1532 203
1024 1480 1163 1535 grauiore
1174 1481 1268 1518 nouis

113 1536 187 1588 sima
207 1535 284 1589 dreit
305 1534 392 1588 Verba
412 1551 486 1602 sona,
504 1538 671 1604 poteratque
690 1535 753 1588 uiri
771 1551 831 1588 uox
848 1535 903 1589 illa
924 1535 1025 1602 uideri,
1043 1552 1116 1606 quae
1138 1552 1202 1589 cum
1223 1535 1269 1588 hic

115 1605 240 1674 lugubris
254 1605 297 1672 sit,
311 1605 369 1659 fere
382 1605 458 1685 idem
471 1615 514 1658 111
527 1605 604 1675 quod
616 1604 769 1673 lugubres
777 1605 964 1674 melancholy.
966 1607 972 1634 '
1074 1609 1268 1669 2223121112-

114 1680 219 1731 tribua
238 1679 334 1730 undis
357 1678 396 1730 M.
415 1675 469 1729 xiv.
486 1690 543 1742 103.
580 1677 670 1728 Erant
692 1675 839 1744 paludes'
831 1693 860 1729 in
882 1676 996 1756 regione
1017 1675 1157 1745 Cinyphia
1177 1678 1268 1745 (Gra.

116 1748 187 1816 Cyn.
200 1747 255 1815 34).
288 1746 418 1800 Harum'
412 1764 440 1799 111
453 1745 576 1815 aliquam
589 1756 699 1815 partem
712 1746 791 1814 fingit
804 1757 889 1815 poeta
903 1746 997 1815 Stygis
1011 1748 1102 1800 undas
1115 1746 1268 1816 influxisse,

115 1818 190 1872 unde
208 1835 312 1887 aquam
329 1826 472 1871 sumerent
486 1816 660 1871 Eumenides
673 1833 729 1887 qua
746 1834 844 1871 recens
860 1828 959 1871 natum
975 1817 1112 1871 infantem
1131 1819 1268 1872 lauarent.

114 1890 228 1958 Aquam
247 1888 401 1958 palustrem
419 1887 489 1942 dixit
507 1897 537 1941 ut
555 1888 735 1942 deterrimam
754 1905 826 1956 qnae
838 1890 926 1958 pigro
944 1889 1028 1957 lapsu
1046 1889 1122 1958 repit
1134 1890 1270 1969 pestilens

117 1959 248 2013 Colum'
242 1977 259 2013 1.
275 1971 298 2026 5.
405 1961 476 2012 226.
495 1974 574 2012 caua
593 1968 640 2012 aut
659 1959 696 2011 ad
715 1975 817 2012 cauum
836 1959 953 2013 refertur
971 1975 1027 2039 quo
1046 1975 1121 2028 aqua
1139 1958 1269 2012 consistit

116 2029 151 2084 ‘a
172 2031 238 2098 pool
260 2030 293 2083 os
309 2031 412 2096 water,'
433 2039 463 2083 ut
488 2047 560 2082 caica
578 2029 688 2097 palude
710 2030 771 2083 Cat.
790 2029 853 2083 xvii.
873 2044 899 2096 4,
924 2031 965 2083 Μ.
983 2028 1019 2083 vi.
1039 2042 1088 2097 371
1112 2039 1169 2097 aut,
1191 2029 1269 2104 quod

114 2070 446 2252 {tribunitii
465 2070 1269 2254 salutabitistttttttltptltlltl.t,

117 2244 157 2296 M.
170 2241 215 2296 vii.
233 2255 284 2308 272
303 2243 446 2310 Squamea
466 2240 602 2322 Cinyphii
620 2243 713 2295 tenuis
734 2243 896 2295 membrana
916 2241 1045 2322 chelydri.
1100 2244 1173 2295 felle
1192 2241 1269 2311 quod

115 2330 256 2366 uenenum
278 2329 341 2367 esse
363 2311 568 2380 serpentiumt
557 2311 643 2366 tradit
666 2312 772 2366 Plinius
794 2314 830 2366 H.
853 2314 889 2367 N
908 2311 943 2366 xi.
967 2313 1023 2393 163,
1046 2327 1103 2380 193,
1124 2312 1195 2366 xxix.
1218 2327 1267 2365 122

116 2383 282 2451 (Saluagn.).
357 2385 429 2436 228.
448 2388 629 2437 cruentatas
644 2383 781 2452 sanguine
794 2384 921 2436 nondum
934 2382 983 2436 loti
997 2383 1121 2436 infantis,
1169 2387 1268 2436 111010-

114 2470 211 2518 puers
223 2471 338 2508 manus
350 2453 426 2523 quod
445 2452 547 2507 natalis
565 2452 677 2522 signum
693 2454 816 2508 faustum
833 2453 901 2507 dicit
920 2453 1081 2522 Propertius
1096 2452 1134 2507 iii.
1151 2468 1190 2508 10.
1204 2469 1228 2522 3,
1242 2468 1268 2520 4.

116 2524 258 2605 Nimirum
283 2524 327 2578 cui
352 2527 445 2579 fausta
466 2523 627 2578 ominantur
649 2524 832 2593 Eumenides,
854 2524 878 2578 is
901 2524 945 2578 dis
967 2524 1045 2578 iratis
1068 2535 1151 2578 natus
1173 2535 1216 2578 est
1239 2534 1267 2578 et

115 2594 143 2648 in
145 2595 333 2650 telixeuadet.
386 2600 388 2607 '
447 2597 801 2650 229.1111)11112111.11..1
818 2604 854 2663 et,
874 2612 942 2649 112111
961 2595 1118 2663 inbuerant,
1137 2595 1268 2664 perbibit.

116 2667 395 2747 Plusquamperfecto
413 2666 525 2720 uidetur
542 2666 644 2747 respici
663 2683 785 2737 sequens
802 2636 920 2720 eue¹ntus
938 2669 1083 2747 Perbibit
1100 2669 1174 2719 inde
1192 2682 1268 2720 suae

114 2753 139 2791 r.
156 2754 195 2804 11.,
214 2736 295 2806 quasi
317 2737 410 2791 dicat:
438 2738 484 2805 Et,
486 2737 570 2817 'quia
591 2737 648 2790 iam
666 2747 795 2790 tenerum
817 2737 966 2791 inbuerant
989 2736 1091 2790 canino
1111 2738 1193 2804 lacte,
1212 2735 1268 2805 pri·

115 2824 249 2888 mumque
270 2808 346 2861 hunc
368 2806 491 2861 cibum
484 2825 513 2860 in
532 2825 564 2861 os
586 2825 673 2889 puero
692 2807 862 2876 indiderant,
881 2808 1006 2863 iecerunt
1028 2817 1059 2861 ut
1081 2807 1159 2860 canis
1182 2808 1268 2862 ducta

114 2878 224 2932 rabie'
217 2894 246 2932 m
271 2895 359 2932 uenas
384 2877 407 2931 is
433 2878 566 2933 euaderet
591 2878 638 2947 qui
663 2895 739 2932 nunc
764 2887 814 2945 est,
795 2879 936 2932 trabula
960 2877 1115 2932 maledicus
1139 2879 1268 2931 latrator-

115 2965 177 3018 que.
238 2951 375 3003 infautia
393 2948 508 3002 infantis
527 2959 558 3002 ut
576 2949 702 3019 infantia
720 2967 782 3030 ossa
802 2919 863 3003 M.
856 2966 892 3003 iv
908 2950 965 3016 518,
985 2949 1036 3018 inf
1051 2949 1217 3029 pectoraf.
1231 2947 1266 3002 vi.

118 3031 174 3088 145.
256 3022 321 3074 231.
340 3020 503 3073 Perbibit‘
512 3020 670 3100 absorbed,'
683 3019 763 3089 quasi
777 3029 837 3073 toto
850 3035 975 3087 corpore.
1014 3020 1055 3071 M.
1068 3017 1103 3072 vi
1118 3031 1169 3086 397
1187 3020 1269 3071 uenr's

109 3091 263 3160 perbrfflbit
249 3092 321 3145 rmz's.
382 3094 503 3145 rabiem
523 3092 562 3144 M.
579 3089 633 3144 xiv.
646 3060 681 3143 66
698 3107 800 3144 canum
819 3090 915 3143 rabies.
977 3092 1112 3143 nutricia
1130 3088 1217 3157 canis,
1237 3098 1268 3144 ut

114 3162 181 3230 lupa
202 3161 284 3215 altrix
305 3160 407 3215 dicitur
429 3163 631 3227 Romanorum,
654 3170 681 3214 et
703 3160 732 3213 hi
755 3160 860 3214 alumni
883 3160 943 3214 eius
966 3159 1074 3229 Ρ1ορ.’
1067 3176 1103 3214 iv.
1123 3175 1143 3213 1.
1163 3172 1204 3227 37,
1224 3160 1265 3227 38.

114 3234 184 3286 232.
205 3236 316 3286 Latrat
335 3235 418 3287 Rosc.
438 3234 501 3285 Am.
523 3233 585 3299 §57
603 3201 672 3285 A'lu
689 3231 882 3299 (accusatores)
901 3247 982 3284 canes
999 3232 1095 3298 quiet
1115 3231 1223 3283 latrare
1240 3235 1269 3283 et

115 3303 240 3357 mordere
252 3308 380 3373 possunt
420 3304 527 3356 Colum.
549 3301 664 3356 Praes.
657 3319 673 3355 1.
690 3303 773 3369 9Ne
790 3303 925 3355 caninum
943 3302 1063 3370 quidem,
1082 3301 1156 3354 sz'cut
1173 3301 1268 3354 diuers

115 3379 227 3442 ueteres,
250 3375 378 3426 studium
400 3374 598 3443 praestantius
621 3373 870 3442 locupletissimum
894 3389 1040 3459 quemque·
1052 3372 1220 3425 adlatrandi
1242 3377 1271 3425 et

114 3450 213 3498 contra
229 3446 431 3498 innocentesac
441 3448 499 3524 pro
513 3444 678 3497 nocentibus.
704 3442 808 3511 (Fore)
853 3447 953 3497 uerba
971 3446 1092 3497 12111112.
1131 3442 1178 3496 Sic
1191 3444 1267 3496 cani-

115 3531 182 3567 nam
195 3516 366 3585 facundiam
386 3513 535 3569 Sallustius
556 3531 601 3584 ap.
623 3516 699 3568 Lact.
716 3513 751 3568 vi.
769 3515 793 3582 8,
815 3515 889 3568 Non.
906 3514 949 3580 60,
968 3512 1063 3594 Appio
1082 3513 1112 3566 id
1132 3513 1268 3582 tribuenS,

114 3587 247 3639 caninam
262 3587 451 3667 eloquentiam
471 3585 546 3639 idem
565 3585 674 3654 Appius
693 3602 737 3654 ap.
755 3585 842 3653 Quint
832 3583 870 3639 til.
886 3584 932 3640 xii
946 3600 969 3653 9.
985 3583 1126 3653 9dixerat
1152 3583 1268 3653 (Fore).

114 3657 185 3710 Vell.
209 3655 267 3709 P.
260 3655 287 3710 ii.
307 3657 341 3709 62
366 3657 498 3711 tribunus
523 3656 684 3709 Cannutius
707 3658 811 3710 canina
835 3656 911 3709 rabie
934 3655 1075 3709 lacerabat
1097 3656 1266 3710 Antonrssum

114 3729 184 3780 233.
211 3729 380 3792 ferrugine.
418 3727 552 3782 Luridum
578 3727 702 3781 colorem
723 3726 834 3780 uidetur
859 3727 1026 3809 significare,
1048 3736 1078 3780 ut
1104 3727 1139 3781 G.
1160 3728 1181 3779 l.
1205 3726 1270 3792 467,

114 3799 185 3852 Aen.
205 3796 239 3851 vi.
261 3813 321 3865 303,
343 3800 382 3852 M.
399 3817 441 3852 xv.
462 3800 522 3866 789,
542 3797 719 3886 Propertium
736 3797 1000 3852 fortasse1mitatus
1019 3797 1054 3851 iv.
1068 3811 1093 3864 3
1109 3811 1141 3862 14
1163 3797 1269 3849 Traxit

114 3869 149 3921 ab
160 3884 255 3921 euerso
266 3869 379 3922 lumina
390 3872 476 3939 nigra
489 3885 563 3938 roga.
618 3873 734 3933 pannis
751 3885 816 3922 cum
833 3879 997 3937 contemptu
1013 3869 1048 3920 de
1063 3866 1158 3920 fasciis
1172 3867 1265 3935 (Truc.

114 3957 139 3992 v.
154 3938 196 4006 13)
210 3939 312 4009 quibus
325 3939 541 3994 inuoluebantur
554 3939 684 3994 infantes.
756 3942 826 3994 234.
845 3943 926 3993 male
944 3943 1068 3993 deserto
1082 3936 1268 4017 ‘abandoned

114 4027 146 4063 as
160 4010 313 4077 accursed,’
324 4009 447 4064 hominis
460 4010 586 4064 damnati
599 4009 716 4079 (Dom1t
720 4008 738 4077 )
776 4013 860 4063 Male
873 4019 915 4063 est
928 4019 1042 4090 propter
1055 4006 1230 4061 maleficia
1207 4023 1267 4060 eius

115 4097 162 4149 qur
155 4079 214 4133 ibi
228 4081 391 4134 combustus
405 4092 473 4135 erat.
509 4082 554 4133 An
568 4080 641 4134 esti.
652 4098 679 4150 q.
692 4081 768 4134 uir?
805 4082 873 4132 Hor.
889 4079 948 4134 S.‘·
931 4097 959 4133 n.
969 4080 994 4133 6.
1005 4079 1040 4133 86
1054 4080 1169 4148 cupiens
1181 4079 1268 4131 uaria

106 4152 232 4220 fastidia
248 4168 315 4204 cena
332 4152 444 4205 Vincere
460 4153 603 4221 tangentis
619 4152 692 4205 male
703 4151 819 4221 singula
831 4151 911 4204 dente
926 4150 1050 4232 superbo.
1089 4150 1200 4201 Petron.
1218 4161 1267 4214 119

114 4223 270 4275 Persarum
292 4224 353 4276 ritu
375 4224 448 4276 male
463 4223 674 4291 pubescentibus
695 4223 779 4274 anatis
799 4221 972 4289 Subm'puere
990 4223 1075 4273 uz'ros.
1115 4218 1223 4285 (Hand.
1242 4232 1265 4285 3.

114 4309 141 4361 p.
153 4293 223 4361 585.)
252 4293 322 4346 At
300 4311 323 4346 11
333 4295 388 4346 hoc
399 4294 543 4360 uoluisset
553 4292 677 4359 dixisset,
688 4293 781 4359 credo,
791 4292 818 4345 Α
831 4292 1033 4344 mododeserta.
1085 4292 1154 4345 236.
1170 4292 1267 4342 Molle

115 4372 145 4416 ut
162 4362 297 4417 infantis‘
308 4363 352 4417 his
365 4364 440 4432 bab
452 4364 544 4418 head.
581 4363 662 4416 ‘And
678 4363 731 4416 lest
749 4333 810 4416 th¹at
828 4379 865 4415 on
882 4363 930 4416 the
943 4360 1053 4430 ground
1069 4377 1119 4414 100
1132 4360 1208 4427 bare
1222 4358 1267 4412 his

114 4433 190 4486 head
208 4434 309 4488 should
326 4436 370 4502 lye
388 4436 470 4488 alone
491 4437 550 4488 Not
569 4434 656 4488 boren
676 4442 750 4502 up,t
739 4434 818 4487 there
837 4433 927 4487 under
942 4433 1009 4500 they
1026 4432 1081 4486 doe
1099 4433 1146 4499 lay
1161 4448 1179 4484 a
1195 4430 1267 4486 hard

116 4502 193 4558 Flint
212 4507 307 4559 stone’
320 4507 352 4558 T.
364 4505 552 4562 Vnderdown.
667 4506 734 4559 237.
754 4508 852 4558 uiridi
870 4521 926 4573 quo
939 4520 1061 4557 amarior
1073 4503 1165 4557 fumus
1179 4502 1266 4556 fieret.

667 4590 723 4642 12
