3126 4980
622 398 667 459 IN
699 399 796 461 IBIN.
1248 407 1288 464 83

176 575 243 637 475.
265 560 310 622 Vt
343 560 497 622 Macedo.
549 561 686 642 Machelo
770 563 887 623 Macelo
910 560 1051 644 (Macedo
1074 558 1160 641 Ast.)
1183 563 1286 624 mulier

133 644 192 702 filia
219 644 386 708 tDomonis
414 663 482 704 cum
515 643 546 702 in
578 645 687 722 nuptiis
728 645 883 722 quaedam,
908 663 976 705 cum
1000 646 1152 705 interesset
1177 642 1286 723 nuptiis'

134 726 249 785 sederet
266 744 333 785 cum
348 725 488 789 †Meneta
506 726 611 786 marito
633 744 687 786 suo
729 728 796 798 suis,
819 727 971 787 fulminata
998 737 1042 787 est
1069 745 1087 786 a
1115 727 1188 786 Ioue
1217 744 1287 788 cum

133 807 277 866 fulminati
303 818 379 880 sunt,
400 809 468 884 quia
489 826 593 869 omnes
614 809 686 868 deos
730 810 856 886 coniuge
898 826 953 868 suo
991 807 1181 881 Menedemo,
1217 809 1287 886 quia

133 899 248 967 praeter
261 888 366 949 Iouem
381 890 581 950 inuitauerant.
626 889 663 951 G.
730 908 835 950 omnes
863 889 935 950 deos
970 890 1142 950 sisariauerat
1172 900 1284 967 praeter

731 967 855 1054 [ipsum]
871 971 983 1032 Iouem.
1030 971 1057 1032 C
1069 971 1177 1032 elAsh.

175 1050 312 1112 Macedo*
332 1052 390 1110 filia
411 1052 557 1112 Damonis
585 1051 688 1112 dicitur
771 1053 921 1113 Nicander
943 1053 1013 1113 dicit
1033 1053 1172 1113 Macelon
1194 1053 1285 1113 liliam

133 1150 203 1192 cum
242 1135 390 1193 sororibus
425 1134 535 1193 fuisse:
584 1135 688 1193 harum
729 1135 875 1195 Damonis
906 1153 975 1196 cum
1003 1135 1151 1194 sororibus
1183 1135 1284 1194 fuisse.

134 1214 262 1291 hospitio
289 1234 360 1274 usus
388 1215 506 1292 Iupiter,
528 1234 596 1276 cum
619 1216 688 1274 Tel·
728 1217 832 1276 harum
853 1217 981 1294 hospitio
1001 1215 1111 1294 Iupiter
1133 1226 1285 1294 susceptus

134 1295 234 1356 chinas
255 1315 381 1377 quorum
402 1297 449 1356 hic
469 1298 606 1375 princeps
627 1306 689 1357 erat
729 1317 798 1358 cum
842 1297 1006 1358 Thelonios
1054 1315 1181 1376 quorum
1236 1298 1284 1358 hio

134 1389 354 1456 corrumpentes
389 1379 498 1438 inuidia
537 1397 688 1439 successus
729 1380 828 1439 Damo
838 1381 977 1457 princeps
987 1389 1049 1439 erat
1063 1387 1285 1456 corrumpentes

68 1483 73 1489 ·
133 1459 267 1518 omnium
292 1460 437 1520 fructuum
462 1460 581 1520 fulmine
602 1462 688 1521 inter·
729 1462 851 1521 uenenis
873 1479 1027 1521 successus
1051 1461 1186 1520 omnium
1207 1460 1284 1521 fruc*

133 1541 242 1614 ficeret,
271 1543 405 1601 seruauit.
450 1543 489 1601 ad
516 1561 590 1620 quas
620 1562 688 1603 cum
729 1553 812 1602 tuum
826 1543 945 1602 fulmine
963 1543 1138 1603 interficeret
1158 1538 1285 1602 seruauit

133 1623 261 1682 uenisset
303 1622 404 1682 Minos
445 1642 514 1683 cum
554 1625 687 1683 Dexione
729 1643 789 1685 eos.
812 1625 865 1684 sed
875 1624 990 1695 Macelo
1004 1643 1073 1684 cum
1087 1624 1152 1683 uiro
1165 1633 1285 1701 propter

62 1713 63 1716 ’
133 1705 309 1764 concubuit:
339 1724 374 1764 ex
396 1723 454 1781 qua
475 1706 585 1764 creauit
606 1706 687 1765 Eur·
729 1707 783 1766 uiri
811 1707 971 1784 nequitiam
998 1706 1090 1783 periit.
1147 1706 1186 1765 ad
1214 1706 1285 1765 alias

133 1787 244 1844 antium
265 1785 342 1846 unde
360 1786 544 1847 Euxantidae
565 1787 688 1850 fuerunt.
729 1807 802 1848 uero
814 1798 942 1847 seruatas
953 1806 1022 1847 cum
1036 1787 1163 1846 uenisset
1173 1786 1283 1856 Minos,

132 1867 171 1926 P.
730 1888 798 1930 cum
839 1869 1001 1929 Desithone
1043 1867 1198 1949 (Desitone
1242 1868 1283 1927 ed.

729 1948 846 2030 Parti.)
861 1951 1027 2021 concubuit,
1042 1969 1079 2009 ex
1098 1967 1157 2026 qua
1176 1950 1286 2009 creauit

729 2033 904 2092 Eusantium
928 2032 1007 2091 unde
1031 2031 1192 2091 Eusantiae
1220 2031 1283 2090 fue·

728 2125 804 2174 runt.
839 2114 906 2174 coa.
918 2112 1077 2191 Saluagnii
1087 2119 1113 2171 et
1125 2113 1165 2172 cd.
1179 2113 1283 2172 Paris.

732 2210 818 2272 1573·

168 2399 229 2450 475.
248 2386 351 2439 Similia
364 2385 510 2441 Murena.
530 2383 669 2440 Macedon
683 2385 728 2439 uel
740 2383 861 2439 Macedo
878 2385 906 2437 in
923 2383 1028 2453 nupciis
1045 2398 1113 2439 cum,
1129 2382 1285 2439 menedrita

131 2457 248 2523 coniuge
260 2456 420 2517 fulminatus
432 2463 473 2510 est
486 2459 561 2525 quod
573 2473 669 2510 omnes
681 2457 748 2510 deos
757 2461 868 2524 praeter
881 2456 972 2508 iouem
985 2453 1020 2508 ad
1032 2454 1144 2522 nupcias
1156 2453 1285 2508 inuitauit

133 2527 186 2578 01¹⁸
200 2528 228 2579 in
246 2527 311 2594 ybin
324 2527 362 2579 Vt
379 2529 514 2581 macedon
531 2528 631 2596 rapidis
647 2529 735 2581 iactus
752 2543 816 2581 cum
833 2527 950 2592 coniuge
966 2525 1081 2578 flammis
1097 2525 1142 2578 uel
1155 2524 1235 2578 aliter
1251 2531 1284 2579 ut

133 2596 239 2662 legatur
251 2598 322 2651 iacta
336 2595 474 2652 Macedon
491 2599 616 2652 danethis
628 2598 681 2652 filia
697 2615 776 2652 soror
791 2611 886 2651 earum
897 2611 952 2665 que
969 2597 1060 2649 iouem
1077 2595 1285 2664 hospitauerant

132 2683 203 2720 uxor
222 2669 350 2737 principis
371 2669 550 2723 thelebonum
571 2685 711 2722 successus
731 2670 855 2722 omnium
876 2668 1017 2720 fructuum
1037 2666 1139 2720 inuidia
1160 2666 1284 2735 corrupit

131 2739 206 2792 unde
227 2741 284 2807 ipsa
305 2756 368 2792 cum
391 2742 513 2809 principe
533 2746 562 2794 et
580 2739 787 2794 Thelebonibus
808 2739 952 2792 fulminata
972 2743 1023 2791 est.
1062 2737 1168 2805 Iupiter
1188 2743 1284 2790 tamen

132 2811 255 2877 pepercit
267 2809 319 2863 hiis
331 2826 385 2879 que
400 2811 606 2879 hospitauerant
622 2811 720 2879 ipsum.
733 2828 768 2864 ex
780 2826 834 2863 una
847 2825 965 2878 quorum
979 2805 1037 2878 (sic)
1051 2808 1181 2861 dexithoe
1193 2809 1284 2862 minos

132 2881 296 2934 euxaucium
312 2883 416 2948 genuit.
533 2879 681 2952 Domonis]
695 2883 767 2936 Nam
780 2881 934 2934 Damnonis
950 2881 1015 2948 qaod
1028 2898 1116 2932 nomen
1128 2899 1146 2933 a
1158 2880 1284 2933 Damna·

132 2970 214 3005 maneo
220 2951 328 3021 pendere
340 2954 470 3006 conicias!
487 2955 694 3006 Damnameneas
707 2970 771 3006 anus
783 2953 925 3005 Telchinum
940 2951 1034 3020 (Sahal.
1047 2951 1099 3018 Ap.
1112 2950 1145 3002 R.
1158 2952 1180 3003 1.
1193 2949 1282 3018 1129).

132 3023 174 3073 Sia
188 3023 257 3091 apud
268 3025 433 3077 Lactantium
446 3023 532 3078 Narr.
545 3025 608 3076 Fab.
622 3026 666 3077 IV.
680 3042 695 3090 9
709 3023 797 3077 Celmi
816 3028 846 3075 et
864 3020 1024 3074 Adamantis
1041 3022 1165 3089 scriptum
1182 3031 1219 3074 est
1232 3033 1283 3090 pro

132 3092 221 3145 Celmi
239 3098 268 3146 et
288 3094 497 3148 Damnamenei.
569 3092 745 3163 inuitauerat]
759 3092 950 3146 mutaueratG
1019 3091 1283 3147 inuitauerantAsk.
1314 3113 1317 3118 ·

130 3163 288 3231 ipsumam.
307 3165 374 3220 Ask.
463 3181 527 3218 usus
546 3168 624 3218 estP
711 3165 738 3218 in
757 3164 802 3218 uia
819 3167 843 3217 P
930 3162 1003 3216 Nota
1021 3162 1164 3215 Telchinum
1182 3163 1282 3217 inuidia

131 3235 292 3288 curantium
304 3239 329 3289 P
438 3236 561 3289 cusantie
573 3238 598 3288 P
704 3231 880 3300 Euxantium,
893 3231 1064 3286 Euxantidae
1080 3235 1171 3316 scripsi
1183 3244 1282 3288 secutus

132 3306 308 3360 Schneideram
321 3307 381 3360 Nic.
384 3309 430 3374 fr.
447 3309 505 3373 116,
518 3325 673 3374 quamquam
685 3308 726 3360 hic
736 3304 924 3359 Euxantiadae
931 3302 1065 3375 praetulit.
1092 3303 1212 3357 Historia
1221 3322 1283 3359 uera

131 3377 240 3444 uidetur,
262 3397 416 3446 quamquam
439 3378 507 3432 inter
528 3378 643 3431 Teleboas
667 3389 691 3431 et
711 3378 841 3431 Telchinas
861 3378 925 3429 mire
939 3375 1084 3442 fluctuans.
1120 3375 1207 3429 Strab.
1230 3377 1282 3441 654

131 3446 249 3501 ἐκαλεῖτο
262 3447 276 3516 ἡ
288 3447 375 3504 Ῥόδος
394 3488 401 3502 .
422 3487 429 3503 .
449 3488 456 3503 .
474 3448 599 3518 Τελχινίς,
607 3448 658 3502 ἀπὸ
670 3452 721 3502 τῶν
733 3445 890 3515 οἰκησάντων
900 3446 1031 3516 Τελχίνων
1043 3445 1089 3514 τὴν
1100 3447 1189 3513 νῆσον·
1202 3444 1246 3502 οὓς
1257 3447 1283 3500 ol

130 3517 178 3586 μὲν
194 3517 341 3581 βασκάνους
352 3519 422 3590 φασί
435 3520 476 3574 καί
487 3521 582 3589 γόητας
594 3519 653 3592 θείῳ
666 3517 853 3588 καταῤῥέοντας
864 3518 894 3572 τὸ
911 3519 956 3584 τῆς
968 3517 1065 3587 Στυγὸς
1079 3513 1158 3585 ὕδωρ,
1171 3517 1240 3583 (aas
1252 3538 1281 3570 τε

131 3589 173 3641 καὶ
182 3588 272 3655 φυτῶν
279 3589 390 3659 ὀλέθρου
399 3591 484 3661 χάριν·
493 3591 517 3644 οἶ
527 3590 555 3644 δὲ
564 3589 665 3660 τέχναις
675 3589 845 3659 διαφέροντας
853 3587 1000 3643 τούναντίον
1008 3587 1058 3643 ὑπὸ
1068 3592 1119 3641 τῶν
1127 3586 1282 3658 ἀντιτέχνων

130 3659 306 3728 βασκανθῆναι
325 3663 366 3715 καί
383 3664 429 3729 τῆς
447 3661 596 3732 δυσφημίας
613 3663 702 3731 τυχεῖν
719 3660 820 3728 ταύτης.
856 3660 934 3714 Diod.
952 3662 981 3713 V.
997 3675 1039 3726 55,
1052 3659 1137 3712 Nona.
1150 3659 1223 3712 XIV.
1239 3661 1282 3725 36,

130 3731 220 3784 Zenob.
234 3731 303 3786 Ceut.
321 3733 349 3785 V.
364 3750 407 3799 41,
424 3734 493 3786 said.
504 3751 525 3786 ι.
534 3753 559 3786 ιι.
575 3734 697 3803 Τελχῖνες
708 3743 733 3785 et
746 3728 850 3801 θέλγει.
886 3733 1033 3785 Euxantius
1045 3741 1124 3800 pater
1141 3731 1282 3784 Dexitheae

130 3814 343 3857 commemoratur
366 3805 400 3857 ab
418 3805 537 3873 Apollad.
556 3805 608 3857 III.
629 3821 640 3856 1
661 3815 687 3857 et
707 3814 840 3871 tamquam
859 3803 945 3856 Mileti
964 3804 1067 3871 genitor
1087 3821 1105 3854 a
1127 3802 1209 3854 Schol.
1227 3803 1281 3870 Ap.
1320 3855 1322 3866 .

130 3871 163 3925 R.
177 3874 199 3924 1.
212 3875 270 3926 186.
308 3874 368 3928 Vide
380 3876 411 3928 0.
424 3876 599 3928 Schneiderum
611 3877 649 3928 ad
658 3874 770 3928 Meand.
773 3876 819 3941 fr.
832 3876 890 3939 116,
903 3875 945 3941 qai
957 3875 981 3926 si
991 3874 1091 3942 cognita
1103 3873 1207 3925 haberet
1218 3891 1282 3939 quae

129 3961 174 4011 ega
185 3963 217 3995 ex
226 3944 303 3997 Mare
314 3945 380 3998 edidi
389 3946 542 3999 Desithone
551 3946 619 3999 illud
625 3949 652 3999 in
662 3946 733 3998 Sala.
742 3946 835 3998 scholio
844 3948 871 3998 in
881 3943 1028 4008 Dexithoe,
1040 3961 1087 3996 non
1096 3944 1123 3995 in
1133 3942 1280 4007 Dexithea,

129 4023 276 4067 mutaturus
281 4015 384 4080 fuerat.
415 4017 597 4071 Commentarii
604 4018 656 4071 loco
665 4017 811 4070 adscribam
822 4016 900 4069 uerba
911 4014 1025 4068 Lobeckii
1034 4013 1108 4081 Agla
1138 4013 1163 4064 h.
1169 4025 1197 4081 p,
1210 4014 1278 4064 1186

131 4084 307 4138 ‘Accedebat
331 4085 405 4154 quod
430 4087 559 4155 Panyasis
579 4086 702 4154 tradidit,
723 4087 825 4154 Lyciae
845 4085 935 4152 gentis
955 4089 1099 4137 auctorem
1153 4081 1279 4137 remilum

95 4153 97 4158 ’
131 4154 220 4224 Ogygi
239 4155 320 4209 filiam
340 4157 511 4210 Praxidicam
530 4159 557 4211 in
576 4157 751 4212 matrimonio
769 4157 903 4210 habuisse.
918 4154 1011 4222 Steph.
1026 4170 1047 4206 s.
1059 4153 1182 4222 Τρεμιλη.
1218 4153 1280 4207 Vna

129 4225 204 4278 enim
221 4227 426 4280 Praxidicarum
444 4228 598 4283 Thelxinea
616 4227 769 4282 uocabatur
784 4227 858 4280 Suid.
877 4241 967 4293 neque
985 4222 1144 4277 incredibile
1159 4224 1280 4292 uidetur,
1307 4263 1310 4270 .

129 4296 208 4350 huius
227 4314 339 4366 quoque
355 4299 472 4351 nominis
489 4300 666 4354 similitudine
680 4299 824 4353 Zenonem
842 4297 888 4351 uel
905 4297 1062 4365 quicunque
1080 4294 1156 4348 istius
1172 4294 1279 4349 fabulae

129 4372 236 4435 auctor,
248 4369 283 4422 ad
294 4369 442 4423 Telchinas
453 4370 575 4425 Rhodios
586 4371 746 4425 traductum
759 4385 826 4436 esse,
836 4385 955 4437 quorum
967 4368 995 4420 in
1008 4381 1124 4419 numero
1136 4365 1279 4420 ferebatur

129 4438 239 4507 Lycus!
266 4442 372 4495 Pariter
382 4444 448 4495 enim
458 4444 589 4499 Dexionae
601 4443 641 4499 ael
648 4443 791 4496 Dexithoae
802 4459 889 4496 nomen
899 4439 937 4494 ad
947 4439 1077 4494 Telchinas
1089 4437 1280 4494 transtulerant

130 4520 263 4581 tamquam
275 4513 407 4568 Thelxinoe
418 4523 489 4570 esset.
1256 4517 1260 4523 ¹

666 4599 726 4650 Ga
