3126 4980
625 397 671 457 IN
693 395 790 457 IBIN.
873 462 875 464 ,
1247 398 1288 458 65

176 572 373 633 generoque
409 557 604 615 draconum.
647 556 688 613 A·
772 555 887 614 Gener
902 555 1097 614 draconum.
1132 554 1211 615 Atha
1244 573 1284 614 as.

134 635 249 696 thomas
283 657 374 714 gener
408 637 512 707 Cadmi
547 648 576 696 et
611 636 689 696 Har·
730 636 772 695 H.
815 635 1010 696 draconum.
1043 635 1148 696 Cadmi
1163 647 1192 696 et
1241 656 1286 694 ar·

134 719 257 777 monies.
304 718 340 778 G.
730 717 853 777 monies.
896 716 939 774 H.

177 802 245 873 348.
296 799 544 877 Tisamenique
585 802 687 877 patri.
773 799 1004 875 *Aristophanes
1028 808 1110 875 pater
1132 795 1285 877 †The(si)-

135 876 374 957 *Astrophaneus
395 891 478 956 pater
498 881 689 945 †Thesimani
729 880 809 939 madi
828 880 947 940 insanus
966 880 1058 940 lactus
1081 881 1175 939 finiuit
1193 881 1285 938 uitam

134 961 202 1037 quia
220 979 288 1019 cum
302 962 360 1020 filia
375 958 453 1043 [sua]
470 964 628 1022 concubuit
645 964 688 1022 in-
730 980 783 1037 per
796 962 942 1021 insaniam
956 972 985 1021 et
999 961 1152 1024 furorem*
1174 959 1275 1020 Mure.

134 1043 267 1102 samnia*
312 1042 340 1102 C
351 1042 459 1102 alAsk.

74 1129 78 1135 ’
176 1123 441 1200 Callirhoesque
461 1118 546 1184 uiro
579 1122 688 1207 *[Pen·
774 1200 776 1203 ι

133 1204 218 1263 theus
241 1200 316 1285 siue]
341 1206 497 1266 Penthides
522 1203 579 1288 [uir
601 1208 687 1266 Calli·

134 1281 242 1367 gones]
261 1286 401 1346 simulans
423 1306 454 1347 se
476 1307 597 1347 uxorem
619 1307 687 1348 cum

134 1367 265 1426 adultero
290 1368 447 1440 inuenisse,
469 1379 500 1427 ut
523 1370 609 1427 aliam
635 1371 687 1428 du-

135 1458 222 1519 ceret,
251 1467 316 1507 eam
347 1450 488 1510 interiecit
521 1448 614 1532 [unde
642 1452 685 1509 in-

134 1526 283 1608 saniuit.]*
329 1530 357 1589 C
369 1531 439 1590 Asa.

177 1624 245 1683 350.
276 1608 352 1682 Qua
386 1612 498 1687 potuit
534 1612 687 1689 Tydeus.
771 1611 849 1684 Quia
880 1610 1041 1670 Diomedes
1070 1610 1217 1669 Venerem
1252 1610 1283 1668 in

134 1689 260 1767 Aegiale
274 1711 348 1751 uxor
362 1692 430 1752 Di0.
448 1693 503 1751 filii
515 1693 603 1752 Tidei
617 1695 687 1752 dum
729 1693 861 1752 Troiano
886 1691 962 1751 bello
986 1691 1157 1763 uulnerauit,
1180 1689 1283 1750 Venus

134 1773 213 1847 apud
228 1773 349 1832 Troiam
362 1774 408 1832 Ti.
423 1785 584 1833 moraretur
598 1777 689 1853 coepit
729 1792 851 1833 uxorem
877 1774 939 1833 eius
963 1772 1107 1850 Aegialcn
1135 1772 1283 1848 publicam

134 1852 277 1912 moechari
401 1855 437 1914 G.
730 1855 910 1914 meretricem
945 1855 1022 1927 secit,
1052 1853 1131 1913 unde
1162 1852 1284 1929 Tydeus

176 1933 266 1993 Cuius
280 1954 403 1995 uxorem
414 1934 535 2016 (lanus)
547 1936 688 2014 Aegialen
729 1947 812 2013 pater
826 1936 981 1994 Diomedis
995 1953 1049 2011 pro
1067 1954 1142 1994 nuru
1161 1952 1215 1992 sua
1228 1951 1283 2009 pu-

133 2011 202 2072 fecit
236 2018 446 2075 meretricem.
470 2061 476 2076 .
499 2063 506 2076 .
529 2063 536 2077 .
558 2019 606 2078 hic
637 2019 687 2078 de·
730 2018 832 2076 dorem
846 2017 954 2088 habuit,
970 2017 1025 2087 uel,
1040 2028 1071 2075 ut
1084 2011 1158 2098 [alii]
1175 2015 1284 2086 dicunt,

135 2106 242 2156 structa
268 2098 359 2157 Troia
387 2099 564 2175 turpitudine
588 2101 687 2159 uxoris
728 2098 790 2175 ipse
819 2098 941 2174 Tydeus
974 2116 1043 2156 curn
1074 2097 1178 2157 eadem
1207 2113 1281 2153 nuru

134 2177 240 2249 audita,
249 2178 296 2236 uel
311 2180 408 2255 potius
422 2181 460 2239 ab
475 2181 538 2256 ipsa
553 2183 686 2258 propriae
728 2181 894 2239 concubuit.
939 2178 1004 2238 Cal
1014 2178 1084 2237 Asa.

134 2259 280 2335 nequitiae
292 2262 411 2319 conscia
425 2262 557 2336 repulsus
569 2263 688 2338 apatria

133 2341 242 2414 spreuit
263 2342 369 2416 Argos,
391 2343 471 2401 uenit
495 2344 525 2400 in
548 2344 687 2419 Apuliam

134 2431 162 2478 et
174 2421 305 2480 condidit
316 2422 462 2482 ciuitatem
477 2443 565 2499 quam
577 2426 686 2500 patriae

133 2520 202 2560 suae
224 2504 344 2561 nomme
364 2504 461 2580 Argos
480 2504 615 2581 Hippion
634 2525 686 2582 ap-

134 2583 259 2658 pellauit.
301 2584 392 2643 Mure
405 2606 426 2643 r.
440 2606 466 2644 u.
482 2585 653 2646 Diomedes

176 2679 243 2738 352.
278 2665 401 2726 Locris
446 2668 479 2725 in
527 2668 684 2727 ancillae.
769 2666 1001 2744 *Hypermestra
1020 2666 1051 2725 in
1070 2665 1211 2725 adulterio
1232 2665 1282 2725 de·

134 2742 356 2821 *Hrpcrmestra
368 2747 548 2825 deprehensa
563 2750 593 2807 in
605 2750 685 2808 adul·
727 2748 872 2825 prehensa
899 2764 967 2806 curn
1000 2748 1085 2806 fratre
1117 2747 1210 2806 mariti
1238 2748 1282 2806 sui

133 2828 204 2884 terio
218 2827 383 2886 cumfratre
395 2830 487 2887 mariti
502 2831 546 2888 sui
563 2832 686 2889 tenebris
728 2829 855 2905 profugit
869 2831 976 2888 auxilio
991 2830 1184 2899 tenebrarum,
1199 2828 1282 2887 dein·

133 2907 230 2966 adiuta
244 2910 351 2968 euasit:
371 2910 476 2969 deinde
492 2910 686 2979 †Pantionem
727 2911 764 2968 de
784 2911 988 2973 †Paueronem
1009 2928 1125 2969 seruum
1147 2927 1231 2968 suum
1254 2918 1283 2968 et

133 3007 250 3047 seruum
272 3007 358 3048 suurn
378 3001 407 3049 et
423 2991 531 3050 Locrin
552 2992 686 3051 ancillam
728 2991 835 3049 Locrin
857 2990 991 3049 ancillam
1012 3009 1093 3049 suam
1113 2991 1229 3048 necauit
1250 3000 1282 3048 ut

133 3071 256 3128 necauit.
287 3069 385 3129 *Vnde
402 3071 522 3131 Gallus:
544 3071 687 3131 Ancillam
729 3090 781 3131 eos
795 3072 826 3130 in
840 3071 980 3130 adulterio
996 3071 1103 3129 diceret
1121 3071 1284 3146 deprehen-

131 3171 294 3226 saruamqua
315 3172 395 3210 saum
418 3153 613 3230 Hipermeslra
641 3174 686 3211 na·
729 3171 787 3225 sos,
816 3171 877 3211 non
906 3171 936 3211 se
965 3170 1032 3210 cum
1066 3151 1150 3210 fratre
1179 3152 1282 3212 mariti.

131 3297 278 3350 hermionis
290 3301 324 3352 H.

170 3374 229 3433 348.
247 3371 378 3424 Historiae
380 3369 502 3438 ficticiae.
533 3371 632 3425 Eadem
645 3367 1063 3424 habetMares.a.Thestmadus
1099 3368 1282 3422 Theslmadus

131 3437 184 3491 fuit
197 3439 308 3507 quidam
327 3442 404 3494 cuius
421 3441 489 3494 filius
506 3441 692 3509 aristophanes
708 3441 797 3494 factus
815 3439 868 3494 fuit
885 3440 993 3493 insanus
1006 3447 1034 3493 et
1051 3440 1090 3492 ita
1102 3445 1226 3492 mortuus
1239 3446 1282 3493 est

132 3508 190 3578 sua]
204 3530 253 3563 om.
267 3512 332 3565 Ask.
416 3511 555 3565 Pentheus
567 3509 638 3580 siue]
653 3532 699 3566 om.
715 3514 779 3564 Ask.
862 3510 992 3564 Pentides
1006 3512 1070 3564 Ask.
1148 3509 1202 3579 uir]
1216 3511 1284 3572 utG

132 3580 175 3632 uir
188 3579 257 3648 Cal]
272 3583 399 3640 om.Ask.
471 3583 545 3636 unde
558 3581 695 3650 insaniuit]
710 3584 770 3636 add.
784 3583 848 3635 Ask.
920 3585 951 3634 In
964 3583 1042 3634 Mure
1053 3581 1119 3635 nihil
1130 3584 1221 3635 inueni.

171 3667 230 3715 350.
250 3651 327 3718 Egile
339 3667 409 3706 uxor
422 3653 476 3707 dio.
489 3653 525 3706 fili
540 3656 564 3707 G
614 3652 736 3707 mechari
748 3659 777 3707 et
791 3669 853 3705 eum
867 3668 972 3705 rossum
985 3652 1081 3719 expuit
1095 3653 1118 3706 G
1167 3652 1281 3706 Scholion

93 3740 94 3743 ¹
133 3731 279 3790 corruptum
364 3723 391 3774 in
409 3722 482 3776 bello
495 3725 603 3776 troiano
616 3739 746 3776 uenerem
759 3725 825 3776 Ask.
914 3722 1063 3788 egialemC
1151 3723 1281 3788 egialeam

132 3793 198 3844 Ask.
251 3792 377 3859 pudicam
391 3796 455 3847 Ask.
510 3793 577 3847 fecit
590 3795 765 3848 meretricem
778 3796 844 3846 Ask.
901 3798 932 3844 ut
945 3794 982 3846 ait
996 3793 1129 3846 Horatius
1140 3795 1201 3846 add.
1215 3795 1280 3846 Ask.

132 3861 176 3913 alii
189 3863 273 3915 om.C
323 3865 434 3930 patetC
485 3865 599 3931 egialem
612 3867 689 3918 Mare
742 3865 877 3932 appuliam
890 3864 967 3916 Ma‘re
1020 3864 1163 3931 argosipon
1176 3865 1262 3917 Mure.

170 3948 229 3995 352.
248 3932 364 3986 Historia
377 3947 498 4003 suspecta.
527 3937 629 3989 Similia
639 3937 717 3988 Mure
728 3955 750 3987 s.
756 3953 779 3988 u.
790 3934 896 3986 Locris,
926 3934 1005 4002 Apud
1013 3935 1234 4002 Salmpraefixum
1243 3945 1281 3986 ast

133 4001 313 4054 Callimachus
326 4004 393 4057 dicit
472 4006 631 4073 ipermestra
645 4008 718 4059 Gbis
790 4009 959 4073 ypermestra
973 4003 1042 4057 Gbis
1114 4019 1280 4071 paueronem

132 4073 176 4124 uel
189 4088 339 4139 pauemum
352 4076 429 4127 Mure
516 4091 651 4143 pauonem
665 4077 821 4144 Salaagnius
909 4073 985 4126 uelut
997 4089 1026 4126 se
1039 4074 1123 4140 ipsam
1135 4079 1280 4125 excusaret

131 4142 233 4195 occidit
246 4145 323 4196 Mure
364 4144 498 4198 beneficio
511 4145 687 4199 tenebrarum
699 4146 838 4211 incognita
850 4159 1048 4211 paueroronem
1059 4145 1123 4196 Ask.
1169 4144 1279 4195 necauit

131 4228 179 4266 eos
191 4213 286 4266 dicens
299 4214 326 4266 in
339 4214 382 4267 ad.
395 4217 460 4268 Ask.
545 4218 659 4269 Seruum
673 4216 874 4269 etancillamG
961 4217 1051 4267 Versus
1062 4215 1156 4267 absunt
1167 4215 1201 4266 ab
1214 4215 1279 4267 Ask.

130 4295 155 4336 et
172 4285 290 4352 Saluag.,
304 4288 416 4353 priorem
436 4287 512 4338 Mure
529 4287 604 4340 habel
671 4286 872 4354 Hypermestra
893 4284 945 4337 fuit
967 4285 1086 4352 quedam
1107 4283 1204 4336 mulier
1225 4299 1280 4351 que

131 4354 301 4422 deprebensa
314 4356 341 4407 in
353 4355 487 4409 adulterio
500 4372 562 4409 cum
575 4355 661 4409 fratre
671 4357 761 4409 mariti
774 4355 844 4422 fugit
856 4355 956 4408 auxilio
965 4355 1151 4420 tenebrarum,
1161 4353 1280 4422 denique

131 4425 224 4477 occiso
240 4425 367 4479 adultero
385 4442 466 4478 unam
485 4427 520 4480 de
536 4427 639 4479 ancillis
655 4428 709 4480 suls
725 4427 894 4480 interfecisse
911 4426 1012 4479 dicitur
1024 4430 1055 4477 ut
1073 4425 1156 4492 ipsam
1174 4425 1279 4479 diceret

131 4493 329 4564 deprehensam
350 4497 377 4548 in
398 4497 540 4564 adulterio,
560 4498 656 4550 ancilla
676 4498 810 4565 siquidem
832 4496 913 4550 locris
934 4496 962 4566 (l.
981 4495 1066 4565 latris)
1086 4496 1236 4548 uocabatur
1255 4501 1279 4550 P

694 4584 715 4631 F
