3038 4988
541 389 886 452 COMMENTARIVS.
1113 395 1115 398 ’
1210 403 1267 458 149

114 549 279 616 traduceret,
288 548 319 602 in'
324 549 471 619 gurgitem
484 548 582 618 lapsus
594 549 680 613 obir't,·
692 549 765 603 unde
777 550 922 619 etsiuue'us
931 551 1091 620 appellatus
1099 558 1141 606 est
1152 553 1267 609 Tiberis.
1360 560 1368 571 ⁸

116 620 202 673 Hanc
214 619 363 673 historiam
376 619 530 674 tradiderat
542 620 571 673 L.
585 619 707 687 Cincius
721 630 793 674 teste
807 637 841 674 eo
854 620 901 690 qui
915 621 1026 691 scripsit
1039 623 1075 676 de
1089 622 1166 692 Orig.
1181 625 1266 679 Gent.

112 690 198 744 Rom.
216 691 254 744 18.
283 692 352 743 Met.
373 689 427 744 xiv.
447 690 500 756 614
519 692 649 760 Regnum
672 691 820 744 Tiberinus
839 692 873 743 ab
894 693 955 746 illas
975 694 1062 763 Cepit,
1080 699 1107 746 et
1127 696 1159 746 in
1183 695 1270 749 Tusci

113 760 394 829 demersusfluminis
406 762 491 814 undis
505 763 634 814 Nomen
653 761 733 814 fecit
752 779 866 830 aquae.
952 766 1017 815 515.
1036 767 1268 829 Astacidaeque

114 835 208 885 modo
226 833 331 885 defixa
348 834 503 886 cadauera
521 837 623 885 sunto.
662 830 708 884 Sic
722 849 834 885 uersum
847 849 882 885 ex
895 833 979 887 Conr.
993 833 1028 886 de
1043 836 1125 888 Mure
1138 835 1246 889 restitui
1260 855 1269 901 3

114 900 180 955 uide
190 919 236 955 me
246 901 274 954 in
286 901 417 971 Journal
424 903 459 971 af
464 901 664 971 Pln'lologyvii.
673 917 720 971 p.2
725 914 765 970 50.
784 902 899 970 Tydeus
909 903 1099 971 pugnantibus
1110 916 1219 974 septem
1229 906 1267 960 ad

115 972 231 1026 Thebas
245 989 310 1025 cum
323 990 340 1026 a
355 972 520 1041 Menalippo
533 971 631 1025 Astaci
649 971 706 1025 filio
719 974 881 1026 uulneratus
894 989 985 1042 paene
998 974 1035 1027 ad
1048 985 1169 1028 mortem
1182 986 1266 1044 esset,

111 1042 197 1112 eique
210 1044 324 1097 Athena
336 1042 576 1096 medicamentum
592 1044 675 1096 ferret
688 1060 722 1096 ex
735 1060 791 1113 quo
804 1042 971 1096 immortalis
984 1043 1092 1098 futurus
1111 1056 1185 1099 esset
1198 1048 1266 1099 Am-

113 1112 256 1182 phiaraus,
279 1123 363 1183 caput
385 1113 542 1183 Menalippi
565 1112 708 1166 abscisum
729 1114 837 1182 Tydeo,
860 1130 944 1182 quem
967 1114 1074 1182 oderat,
1097 1116 1265 1185 adportauit.

116 1184 145 1236 Is
159 1184 305 1237 cerebrum
322 1183 465 1238 exsorbuit
479 1204 486 1248 3
512 1184 588 1252 quod
607 1183 643 1236 ob
660 1183 769 1238 facinus
785 1194 916 1238 auersata
934 1201 999 1237 eum
1012 1186 1127 1240 Athena
1139 1203 1196 1240 non
1209 1187 1267 1240 iam

114 1270 200 1322 passa
212 1264 255 1308 est
268 1254 371 1309 uiuere.
396 1253 528 1324 Apollod.
538 1253 576 1308 iii.
586 1254 610 1308 6.
623 1254 647 1309 8.
671 1255 742 1309 Stat.
752 1256 806 1308 Th.
814 1254 870 1308 viii.
879 1267 894 1320 7
899 1267 911 1323 5
915 1269 930 1322 3
944 1260 977 1308 ut
987 1256 1180 1326 singultantia
1192 1258 1269 1311 uidet

117 1324 176 1378 Ora
194 1324 331 1394 'tranique
354 1325 446 1379 aculus
466 1342 575 1393 seseque
595 1328 715 1394 agnouit
738 1327 769 1378 in
790 1325 849 1392 illo,
868 1327 996 1394 Imperat
1014 1327 1151 1381 abscr'sum
1171 1329 1268 1398 pergi,

114 1395 249 1464 laeuaque
260 1400 399 1465 receptum
413 1397 527 1465 Spectat
542 1401 629 1448 atrax
638 1395 737 1450 hastile
748 1399 840 1465 caput,
849 1396 1000 1466 gliscitque
1012 1400 1130 1467 tepentis
1141 1399 1268 1452 Lumina

113 1471 198 1518 torua
211 1466 310 1519 uidens
321 1472 348 1519 et
362 1466 454 1520 adhuc
467 1466 627 1519 dubitantia
634 1467 701 1536 figi.
740 1466 816 1518 Hinc
830 1468 896 1534 Lyc.
910 1466 977 1519 1066
990 1470 1139 1535 κρατόβρως
1151 1469 1267 1536 Tydeus

114 1535 392 1605 dicitur(Saluagn.).
428 1539 539 1591 defixa.
563 1539 672 1605 Corpus
682 1537 765 1590 hasta
775 1537 812 1590 ad
822 1546 925 1590 terram
936 1537 1058 1591 defixum
1069 1538 1189 1607 fingitur,
1198 1539 1267 1592 dum

114 1616 198 1676 caput
213 1606 356 1660 abscisum
373 1618 455 1661 esset.
528 1610 683 1661 cadauera
696 1607 731 1660 de
744 1606 825 1661 unius
839 1607 985 1674 cadauere,
999 1617 1029 1661 ut
1043 1624 1128 1678 supra
1139 1613 1266 1679 corpora.

114 1679 222 1745 Sunto,
234 1679 316 1731 Neue
327 1679 469 1732 Formenl.
479 1677 506 1732 ii.
520 1695 545 1748 p.
557 1678 608 1746 364
620 1696 625 1730 :
643 1677 683 1731 sic
695 1678 771 1731 dicta
783 1683 839 1730 esto
853 1679 893 1730 Μ.
903 1677 939 1731 νί.
951 1679 1008 1745 138,
1021 1684 1105 1732 estote
1116 1682 1213 1750 rogati
1225 1681 1266 1735 M.

111 1746 149 1805 iv.
166 1760 222 1816 154
261 1748 345 1816 Quod
359 1748 513 1802 Merkelius
526 1759 554 1803 et
567 1747 680 1802 Riesius
693 1748 826 1801 exhibent
838 1747 929 1814 decisa
942 1748 1076 1801 cadauere
1088 1755 1188 1803 trunco
1201 1749 1266 1804 ideo

113 1835 171 1870 non
189 1818 278 1888 probo
292 1817 332 1886 (1)
345 1819 422 1889 quod
434 1819 462 1871 in
475 1820 552 1872 nullo
568 1819 644 1872 bono
661 1818 799 1887 reperitur
813 1817 919 1885 codice,
934 1817 972 1887 (2)
988 1819 1063 1888 quod
1079 1819 1149 1874 mire
1165 1820 1267 1874 dicitur

112 1905 173 1942 esca
185 1889 277 1942 decisa
289 1890 424 1953 cadauere
437 1889 519 1958 ‘may
530 1907 601 1958 your
617 1889 693 1942 head
710 1890 745 1942 be
758 1890 806 1942 the
821 1887 888 1942 food
905 1887 936 1941 of
952 1906 969 1943 a
987 1890 1093 1943 human
1111 1889 1205 1959 being,
1219 1900 1266 1944 cut
1352 1932 1354 1936 .

115 1975 196 2027 away
208 1961 282 2013 from
301 1960 349 2014 the
368 1960 516 2014 mutilated
534 1977 657 2027 carcase,
671 1977 688 2014 a
700 1959 768 2013 food
780 1960 850 2012 such
863 1976 895 2012 as
908 1958 973 2012 wild
990 1959 1086 2014 beasts
1099 1960 1190 2029 might
1203 1963 1266 2029 eat,'

114 2046 200 2098 aquo
213 2040 297 2099 caput
309 2030 403 2099 potius
416 2031 621 2085 abscidendum
634 2041 703 2085 erat.
730 2031 775 2084 De
787 2047 817 2084 re
831 2030 866 2084 cf.
876 2031 944 2083 Tac.
956 2028 1032 2085 Hist.
1041 2030 1078 2084 iv.
1087 2045 1121 2096 42
1136 2032 1268 2085 Occurrit

112 2103 191 2154 truci
201 2103 326 2154 aratione
340 2102 457 2155 Curtius
468 2103 635 2168 Montanus,
648 2118 677 2154 eo
690 2117 777 2169 usque
784 2104 953 2170 progressus
964 2106 998 2153 ut
1010 2142 1016 2155 .
1030 2142 1037 2154 .
1051 2143 1057 2153 .
1070 2101 1168 2155 alatam
1180 2103 1266 2155 inter·

37 2186 39 2189 ·
104 2172 213 2240 sectari
234 2173 349 2225 Pisanis
367 2174 518 2241 pecuniam
543 2190 561 2224 a
582 2172 690 2242 Regula
714 2170 972 2240 adpetitumque
996 2187 1106 2224 morsu
1132 2172 1265 2227 Pisonis

110 2251 212 2311 caput
226 2242 378 2296 obtectaret.
403 2243 466 2296 Val.
481 2245 557 2297 Max.
569 2241 606 2296 iii.
617 2257 641 2296 2.
655 2257 683 2294 11
698 2242 834 2295 Eiusdem
848 2243 981 2311 temporis
992 2247 1020 2294 et
1030 2247 1113 2295 notae
1124 2244 1204 2296 miles
1217 2285 1223 2297 .
1238 2285 1244 2297 .
1258 2285 1264 2298 .

111 2329 176 2370 curn
194 2313 235 2366 ad
249 2314 395 2366 retinenda
413 2331 495 2366 arma
513 2314 630 2366 inutiles
651 2313 817 2366 uulneribus
836 2329 938 2365 manus
958 2311 1076 2381 haberet,
1096 2313 1218 2383 spoliare
1238 2331 1267 2368 se

112 2385 240 2437 canantes
251 2384 395 2437 Numidae
406 2386 540 2438 ceruicem
557 2385 716 2453 complexus
733 2401 763 2436 os
779 2383 896 2436 nan'bus
913 2389 941 2436 et
956 2383 1074 2436 auribus
1089 2385 1208 2436 carresis
1221 2384 1266 2438 de-

103 2454 978 2524 surrnereddaiiit‚inqueplenaeultionismorsibusexspirauit.
1015 2456 1142 2528 elzate
1155 2453 1267 2508 uidetur

113 2534 189 2578 recte
201 2524 400 2594 interpretatus
412 2525 575 2594 Leopardus
589 2525 741 2579 Emendat.
750 2524 767 2579 i.
781 2541 813 2577 10
825 2524 861 2578 de
875 2524 996 2578 Biothea
1007 2524 1121 2592 (Athen.
1131 2524 1193 2593 349)
1205 2523 1265 2580 siue

112 2594 260 2663 Axiothea,
269 2612 354 2649 uxore
364 2594 561 2649 Nicocreontis
570 2594 843 2663 siueNicotheontis,
852 2594 1036 2663 regisCyprii.
1057 2597 1158 2665 Neque
1169 2605 1265 2649 tamen

113 2683 211 2719 uerum
219 2675 312 2735 potest
322 2683 384 2720 esse
393 2666 469 2735 quod
478 2665 1032 2746 scribebatLeopardusBz'atlzean,quam
1042 2665 1180 2733 synizesin
1188 2666 1265 2719 nullo

112 2735 198 2790 modo
211 2736 385 2790 admissurus
398 2746 458 2790 erat
478 2736 566 2790 Ibidis
579 2736 713 2806 scriptor:
734 2736 785 2790 sed
794 2736 934 2789 Brathean
947 2736 1043 2804 lmgua
1056 2736 1223 2816 Cypriorum
1236 2736 1265 2790 in

111 2806 257 2860 Bratluan
269 2808 314 2861 uel
327 2809 452 2861 Brotean
465 2807 576 2861 uidetur
589 2807 755 2876 corrupisse,
768 2807 1009 2876 quemadmodum
1023 2806 1134 2875 Cypriis
1146 2806 1266 2876 τρέμιθοι

108 2888 173 2931 erat
193 2877 270 2947 quod
292 2877 409 2931 Graecis
430 2878 577 2946 τερέβινθος
595 2879 704 2947 (Steph.
725 2880 756 2931 B.
777 2895 799 2931 s.
810 2895 836 2931 u.
855 2878 1003 2946 Τρεμιθοῦς,
1027 2877 1121 2931 Schol.
1142 2876 1265 2932 Nicand.

113 2949 197 3001 Ther.
218 2946 290 3016 844),
310 2947 420 3019 ἀθρίζειν
438 2947 455 3003 i.
467 2966 492 3019 q.
512 2949 622 3018 αὐρίζειν
641 2948 802 3017 (Hesych.).
840 2946 930 3001 Simili
953 2947 1146 3000 contractione
1164 2949 1265 3014 Tyana

113 3019 207 3086 Dana,
221 3018 351 3072 Triocala
364 3018 477 3073 Tricala
489 3020 683 3074 uocabantur:
702 3019 753 3072 sed
771 3036 805 3072 ex
821 3034 899 3071 mero
916 3016 1029 3071 scribae
1048 3034 1141 3071 errore
1153 3016 1265 3070 uidetur

111 3090 253 3143 Bracia'en
273 3106 325 3159 pro
343 3091 478 3143 Bzaciden
497 3089 621 3159 positum
638 3089 724 3143 fuisse
745 3090 819 3174 Hyg.
841 3089 870 3141 P.
890 3088 923 3141 A
938 3087 966 3141 ii.
979 3102 1022 3154 20,
1041 3087 1088 3141 ubi
1109 3086 1264 3141 Bursianus

113 3160 186 3214 coni.
204 3159 334 3228 aarum,
354 3159 401 3213 uix
419 3160 488 3214 satis
507 3159 698 3230 probabiliter.
736 3158 783 3213 Sic
809 3158 952 3224 Αρηίλυκοι
965 3157 1083 3218 Homeri
1099 3158 1130 3211 Il.
1144 3156 1198 3210 xiv.
1211 3170 1261 3226 451

111 3227 265 3299 ἈρχιἍυκος
277 3241 320 3285 est
334 3230 462 3284 Diodoro
475 3231 510 3285 iv.
523 3231 567 3297 67.
605 3233 687 3285 Certe
705 3246 763 3283 non
782 3239 842 3283 erat
858 3245 910 3282 cur
927 3226 956 3280 in
971 3226 1121 3281 Machonis
1135 3227 1263 3281 uersibus

114 3301 228 3369 (Athen.
242 3300 305 3370 349)
324 3300 415 3355 Βιοθέα
434 3301 570 3356 eiceretur
582 3319 600 3356 a
611 3299 800 3369 Wesselingio
816 3300 853 3353 ad
873 3297 957 3352 Diod.
971 3317 1015 3352 xx.
1029 3312 1060 3351 21
1076 3307 1104 3352 et
1118 3297 1264 3352 Meinekio

113 3371 142 3425 in
162 3373 243 3426 Anal.
266 3371 359 3427 Critic.
383 3372 421 3425 ad
442 3373 544 3426 Athen.
565 3373 582 3426 l.
597 3389 621 3425 c.
657 3374 731 3426 Rem
750 3380 865 3424 narrant
888 3368 974 3422 Diod.
995 3387 1039 3422 xx.
1061 3383 1103 3436 21,
1130 3369 1263 3436 Polyaen.

112 3441 168 3495 viii.
182 3444 224 3507 48.
263 3445 335 3497 Cum
355 3442 488 3497 Nicocles
506 3443 567 3496 siue
587 3441 777 3509 Nicocreon*‚
791 3451 818 3494 et
833 3441 919 3494 frater
935 3439 995 3493 eius
1013 3439 1091 3492 iussu
1109 3439 1263 3494 Ptolemaei

112 3512 195 3581 primi
209 3531 272 3567 sese
285 3512 499 3581 interfecissent,
513 3513 654 3567 Axiothea
666 3511 829 3566 conuocatis
842 3512 943 3565 horum
956 3509 1098 3564 sororibus
1115 3509 1264 3564 matribus·

113 3600 168 3653 que
181 3600 214 3638 ac
236 3583 402 3652 coniugibus
416 3593 514 3638 auctor
530 3584 581 3637 fuit
600 3593 630 3638 ut
650 3600 746 3638 secum
765 3591 940 3638 morerentur
958 3580 1051 3650 potius
1071 3598 1157 3651 quam
1176 3581 1265 3635 uitam

113 3654 277 3708 Ptolemaeo
291 3663 437 3723 acceptam
454 3655 597 3708 referrent.
636 3656 735 3724 Itaque
748 3653 851 3707 clausis
863 3652 970 3707 foribus
989 3651 1018 3706 in
1037 3662 1112 3707 tecta
1129 3653 1265 3707 ascende-

112 3724 201 3790 bant;
219 3725 285 3779 dein
299 3725 343 3778 his
356 3724 487 3792 incensis,
501 3742 564 3779 sese
583 3724 612 3778 in
631 3724 726 3794 ignem
739 3724 917 3778 coniciebant
931 3741 936 3777 :
957 3722 1111 3777 nouissime
1124 3724 1265 3778 Axiothea

113 3805 263 3865 postquam
285 3794 381 3864 gladio
403 3795 528 3865 iugulum
549 3795 732 3865 transegisset
756 3795 786 3849 in
807 3796 937 3849 flammas
962 3811 1097 3864 praeceps
1120 3794 1188 3848 data
1212 3804 1263 3848 est.

146 3920 160 3952 *
177 3914 328 3963 ‘Notandum
340 3917 378 3963 hic
386 3925 419 3963 est
427 3916 607 3965 Nicocreontem
617 3916 715 3962 eundem
727 3931 774 3964 esse
783 3930 836 3962 cum
848 3915 949 3968 Nicocle,
962 3929 1030 3974 quern
1043 3914 1141 3960 eundem
1153 3913 1264 3976 Origenes

112 3991 192 4029 contra
208 3979 301 4030 Celsum
314 3983 365 4043 (vii.
380 3981 423 4043 54)
436 3983 632 4028 Aristocreontem
649 3990 726 4030 uocat.
762 3982 886 4027 Testantur
902 3980 948 4026 hoc
966 3980 1098 4025 Athenaeus
1112 3987 1135 4024 et
1148 3979 1264 4024 Diodorus

108 4049 205 4097 ¹Siculus.
239 4049 302 4094 Nam
314 4062 385 4108 quum
396 4047 433 4094 bic
446 4047 549 4093 Machon
559 4048 656 4108 (Athen.
666 4060 714 4109 349
724 4047 740 4094 l.
752 4047 778 4094 tv
790 4046 825 4105 τῷ
836 4042 938 4105 πελάγει
950 4041 1045 4090 διέλυσε
1057 4040 1103 4100 τὴν
1114 4038 1263 4118 παρῤηρίαν)

112 4115 196 4161 scribat
211 4113 366 4160 Stratonicum
388 4113 488 4159 occisum
508 4128 522 4157 a
539 4113 700 4166 Nicocreonte,
720 4118 780 4158 eum'
794 4109 893 4156 Phanias
914 4107 1009 4170 (Athen.
1028 4121 1073 4169 352
1087 4107 1120 4168 c.)
1138 4122 1151 4152 a
1167 4107 1264 4154 Nrcocle

113 4180 258 4226 interfectum
279 4189 312 4226 est
335 4188 422 4226 auctor.
457 4179 543 4224 Rursus
558 4193 626 4238 quem
642 4177 757 4224 Diodorus
775 4177 861 4223 Siculus
878 4174 1001 4221 Nicoclem
1021 4181 1100 4228 uocat,
1116 4171 1177 4218 bunc
1194 4173 1264 4232 isqui

112 4245 210 4292 indicem
222 4245 338 4291 Graecum
354 4243 377 4289 in
392 4259 446 4291 eum
461 4244 539 4304 9didit,
558 4245 735 4290 Nicocreontem
751 4238 872 4302 nominati
907 4239 1037 4299 Leopardus
1049 4239 1103 4293 l.c.,
1115 4239 1151 4284 cui
1164 4237 1265 4297 adstipu-

113 4311 171 4357 latur
182 4310 343 4372 Wesselingius
354 4311 383 4355 ad
396 4310 465 4358 Diod.
475 4324 514 4358 xx.
528 4321 555 4355 21
568 4326 574 4357 ι
589 4324 631 4354 nec
646 4310 746 4354 multum
766 4321 844 4353 moror
860 4307 1005 4366 Droysenum
1020 4303 1140 4350 Nicoclem
1151 4302 1264 4362 Paphiam

112 4392 126 4422 a
142 4377 296 4422 Nicocreonte
313 4390 382 4436 quem
399 4375 517 4421 Salaminis
535 4389 612 4438 regem
633 4374 687 4421 fecit
705 4373 851 4420 Ptolemaeus
868 4372 1047 4433 distinguentem
1065 4368 1229 4430 (Hellenismus
1245 4369 1262 4417 i.

112 4457 135 4503 p.
147 4455 197 4504 404
208 4440 268 4500 not.)
287 4456 340 4488 cum
360 4441 397 4488 hic
412 4441 460 4502 ipse
477 4441 576 4489 fateatur
591 4455 650 4501 quae
667 4439 696 4486 de
707 4439 803 4486 Nicocle
821 4447 845 4485 et
864 4437 979 4484 Axiothea
1000 4442 1118 4482 narrentur
1136 4435 1224 4495 optime
1240 4435 1265 4482 iu

111 4507 289 4555 Nicocreontem
302 4507 389 4554 cadere.
