3038 4988
260 381 316 438 184
421 333 427 346 ·
722 378 949 441 EXCVRSVS.

257 536 450 592 celebritatem
470 536 568 591 mortis
594 535 652 591 iure
677 535 749 592 inter
773 554 822 591 eos
846 537 1041 592 accensendus
1062 534 1145 590 fuerit
1166 534 1213 606 qui
1236 552 1267 589 se
1290 535 1319 588 in
1339 548 1401 604 pyra

257 608 481 675 combusserunt,
494 608 570 661 sacta
582 617 625 662 est
638 607 772 669 enimres
787 608 937 678 Olympiae
952 608 981 662 in
998 607 1122 662 maximo
1140 615 1282 661 conuentu
1301 614 1402 675 specta-

257 688 350 732 torum
380 677 489 747 (Pereg.
508 678 553 731 xxi
578 678 606 731 ε’ν
624 675 754 747 Ὀλυμπίᾳ
778 680 823 746 τῆς
843 678 1008 749 πανηγύρεως
1028 677 1179 745 πληθούσης
1199 680 1280 746 μόνον
1301 675 1403 729 οὐκέτι

257 752 352 817 σκηνῆς
365 748 473 816 ὀπτήσει
486 747 596 815 ἑαυτὸν),
609 766 701 818 neque
714 749 743 802 in
756 749 918 804 uniuersum
933 749 1136 804 inconueniens
1150 748 1185 802 sit
1199 747 1296 802 uerbis
1309 752 1403 816 poetae

257 820 348 874 exitus
369 820 511 889 Peregrini
530 820 621 889 qualis
639 837 657 873 a
677 819 802 874 Luciano
823 829 959 889 narratur,
979 821 1012 875 cf.
1033 819 1188 889 cupidine
1210 817 1326 872 mortis
1345 832 1403 869 cum

259 893 327 944 Luc.
342 891 386 944 xxi
405 891 486 960 ε’χρῐην
503 890 537 959 μὴ
554 889 717 958 δραπετεύειν
731 891 759 943 ε’κ
777 894 824 944 τοῦ
842 893 911 957 βίου,
929 891 1003 944 xxxii
1022 889 1170 944 θανατιῶντι
1189 891 1320 958 σοφιστῇ,
1338 903 1404 941 suc·

257 978 380 1016 censae
410 979 510 1031 pyrae
537 978 602 1015 cum
629 961 693 1014 xxix
720 965 772 1031 πῦρ
796 961 949 1028 ἀνακαύσας,
977 980 1049 1015 xxxv
1073 961 1305 1030 καταλαμβάνομεν
1328 958 1406 1026 πυρὰν

257 1032 413 1100 νενησμένην
432 1033 461 1086 έν
480 1031 556 1095 βάθει
578 1031 642 1086 ὅσον
663 1032 690 1086 ές
711 1031 817 1103 ὀργυιὰν
837 1035 867 1086 τὸ
888 1033 979 1097 βάθος.
1016 1032 1097 1101 Δᾷδες
1117 1029 1186 1097 ἦσαν
1205 1031 1238 1084 τὰ
1258 1029 1348 1084 πολλὰ
1368 1029 1406 1080 καὶ

257 1102 440 1171 παρεβέβυστο
458 1107 509 1155 τῶν
526 1103 674 1172 φρυγάνων,
693 1103 727 1158 ὣς
744 1103 870 1172 ἀναφθείη
889 1104 1095 1173 τάχιστα-11011
1114 1119 1149 1156 ea
1166 1112 1263 1155 tamen
1283 1109 1327 1154 est
1345 1115 1406 1153 con·

256 1173 389 1227 formatio
413 1190 545 1227 uersuum
570 1190 655 1244 quam
680 1191 747 1228 uere
772 1173 838 1227 huic
862 1174 1033 1242 respondere
1059 1189 1184 1228 censeas
1231 1171 1308 1241 Quid
1335 1169 1407 1223 enim

258 1244 390 1298 ferunt?
427 1246 505 1297 Num
523 1244 558 1298 de
573 1261 608 1298 eo
624 1243 775 1298 dicendum
792 1253 853 1299 erat
870 1245 949 1299 cuius
966 1262 1042 1299 mors
1055 1255 1115 1298 erat
1129 1241 1301 1297 notissima?
1316 1257 1408 1294 nonne

258 1314 295 1368 de
308 1332 342 1369 eo
355 1313 449 1384 potius
463 1314 509 1384 qui
526 1315 622 1369 multis
635 1325 701 1369 ante
717 1315 837 1370 saeculis
852 1315 967 1383 uixerat,
981 1326 1011 1370 ut
1028 1315 1136 1369 incerta
1152 1323 1263 1368 tantum
1281 1313 1357 1366 fama
1373 1310 1408 1364 ad

258 1395 388 1455 posteros
400 1384 580 1454 peruenerit?
612 1388 713 1456 Neque
726 1385 755 1439 in
770 1386 921 1455 Peregrino
934 1395 1044 1440 tantum
1057 1384 1144 1440 ualuit
1157 1384 1195 1438 ad
1208 1382 1407 1438 cremationem

258 1455 358 1509 mortis
383 1455 486 1525 cupido
511 1473 596 1525 quam
621 1456 756 1511 iactantia
780 1465 808 1511 et
836 1457 942 1525 gloriae
967 1473 1054 1511 amor.
1104 1455 1224 1525 Saepius
1249 1455 1305 1507 hoc
1329 1453 1408 1506 iterat

260 1527 411 1596 Lucianus,
430 1526 477 1580 xiv
496 1525 591 1593 δέξαιτ’
610 1526 641 1580 δν
658 1527 804 1593 ἀποθανεῖν,
822 1528 856 1582 ὣς
874 1528 953 1596 δόξαν
970 1528 1013 1582 ε’πὶ
1030 1525 1113 1599 τούτῳ
1131 1527 1265 1588 ἀπολίποι,
1285 1543 1321 1577 xx
1338 1523 1410 1576 οὐδέν

258 1597 296 1649 ἔτι
314 1600 473 1668 καινουργεῖν
484 1595 589 1651 ε’δύνατο
601 1598 647 1668 ἐφ’
660 1598 711 1670 ὅτῳ
728 1597 851 1665 ἐκπλήξει
866 1597 926 1652 τοὺς
942 1598 1143 1669 ἐντυγχάνοντας
1160 1596 1202 1649 καὶ
1219 1594 1355 1663 θαυμάζειν
1371 1595 1409 1646 καὶ

257 1669 323 1738 πρὸς
334 1669 411 1722 αὐτὸν
422 1667 581 1732 ἀποβλέπειν
592 1667 702 1738 ποιησει,
714 1667 793 1738 οὗπερ
805 1669 835 1737 ἐξ
847 1668 929 1739 ἀρχῆς
940 1667 1031 1737 δριμύν
1040 1690 1096 1721 τινα
1108 1669 1190 1738 ἔρωτα
1201 1666 1268 1736 ε’ρῶν
1279 1662 1410 1735 ἐτύγχανε,

259 1757 313 1793 xxx
324 1736 399 1791 Ἀλλ’
409 1741 505 1792 ὁπόταν
517 1741 624 1794 Κυνικὸς
635 1740 803 1807 πολυώνυμος
815 1740 841 1794 ε’ς
853 1742 944 1810 φλόγα
955 1739 1058 1805 πολλὴν
1070 1738 1180 1806 Πηδὴσῃ
1193 1737 1271 1806 δόξης
1282 1733 1326 1790 ὑπ’
1334 1733 1412 1805 ε’ρινόῖ

258 1809 341 1877 θυμὸν
356 1809 473 1878 ὀρινθείς,
491 1810 573 1864 xxxiv
590 1808 656 1864 οὕτω
671 1809 805 1880 δυσέρωτα
823 1812 869 1878 τῆς
885 1810 963 1879 δόξης
979 1810 1123 1877 ἄνθρωπον,
1141 1809 1177 1862 ib.
1198 1808 1352 1876 ἐνεφορεῖτο
1368 1808 1411 1872 τῆς

258 1880 344 1949 δόξης,
357 1881 458 1934 xxxviii
471 1882 501 1934 τὸ
513 1881 657 1950 φιλόδοξον
674 1877 729 1933 οἷόν
745 1883 771 1934 τί
782 1881 855 1935 ε’στιν
867 1881 1087 1963 ἀναλογιζόμενος.
1126 1882 1163 1934 Et
1177 1878 1254 1949 quod
1266 1886 1311 1932 est
1323 1878 1410 1931 multo

258 1952 459 2020 grauissimum
473 1953 591 2006 Proteus
603 1969 717 2020 semper
728 1960 846 2006 uocatur
858 1969 875 2005 a
890 1954 1022 2020 Lucrano,
1035 1953 1070 2006 ὡς
1081 1950 1157 2005 αὐτὸς
1168 1951 1272 2019 ἔχαιρεν
1283 1949 1411 2015 ὀνομάζων

259 2024 349 2076 έαυτὸν
367 2022 497 2090 Πρωτεύς,
517 2023 579 2076 αὐτὸ
597 2022 628 2090 δὴ
647 2022 728 2075 έκεῖνο
745 2025 775 2076 τὸ
793 2026 839 2076 τοῦ
855 2021 994 2092 Ὁμηρικοῦ
1011 2021 1138 2092 Πρωτέως
1155 2019 1258 2088 ἐ’παθεν,
1277 2018 1307 2072 iii
1326 2019 1352 2074 ές
1367 2019 1410 2071 τὸν

259 2093 377 2162 Πρωτέα,
403 2093 430 2147 iv
448 2094 557 2161 Πρωτέα
574 2094 619 2146 τόν
638 2092 666 2145 έν
684 2093 761 2162 Συρίᾳ
779 2092 892 2159 δεθέντα,
911 2112 930 2147 v
948 2093 995 2147 οὔκ
1013 2094 1049 2148 εἷς
1066 2092 1164 2161 μακρὰν
1182 2090 1274 2144 καύσει
1292 2090 1410 2143 έαυτὸνὸ

259 2164 389 2233 Πρωτεὺς,
408 2164 443 2217 cf.
458 2164 496 2232 vi,
515 2164 560 2231 xii,
579 2181 623 2232 xv,
641 2163 716 2232 xxiii,
735 2162 817 2233 xxvii,
836 2162 928 2232 xxviii,
946 2163 1018 2231 xxix,
1037 2182 1098 2231 xxx,
1115 2161 1197 2230 xxxii,
1215 2160 1307 2228 xxxvi,
1322 2159 1409 2226 xxxix,

259 2235 297 2301 xl,
307 2233 365 2302 xlii,
379 2243 409 2288 et
424 2234 465 2287 sic
480 2251 524 2304 ap.
539 2233 680 2288 Ammian.
695 2233 805 2302 xxix..r,
824 2234 939 2289 Philost.
952 2234 1009 2302 Vit.
1025 2235 1112 2304 Soph.
1126 2233 1152 2287 ii.
1170 2247 1210 2300 13,
1224 2233 1296 2286 Gell.
1310 2231 1356 2286 xii.
1372 2246 1410 2284 11.

258 2306 369 2359 Contra
390 2305 503 2359 codices
526 2305 616 2358 Ibidis
638 2305 737 2374 optimi
758 2306 883 2359 Brdtean
905 2305 1047 2373 exhibent,
1069 2321 1122 2359 nec
1143 2301 1283 2357 breuitate
1304 2302 1410 2372 primae

259 2376 386 2443 syllabae
404 2391 458 2428 nec
474 2375 627 2429 accusatiui
645 2377 735 2430 forma
751 2384 953 2445 congruentem
966 2388 1031 2430 cum
1043 2377 1159 2441 Prote0;
1178 2390 1232 2427 nec
1247 2372 1332 2427 uideo
1345 2389 1411 2443 quo-

259 2446 347 2499 modo
360 2462 394 2500 ex
408 2445 557 2515 protheum
575 2447 651 2515 quod
668 2447 754 2501 habet
771 2447 861 2501 codex
877 2446 1088 2501 recentissimus
1105 2446 1162 2499 Pal.
1181 2457 1249 2513 1709
1261 2443 1410 2514 quicquam

260 2517 300 2570 sis
313 2526 470 2571 extorturus
483 2516 560 2585 quod
574 2516 663 2571 Ibidis
676 2533 774 2571 uersus
787 2516 876 2587 possit
889 2518 1022 2586 recipere.

297 2590 375 2641 Nam
394 2587 417 2641 si
436 2603 540 2641 nomen
559 2604 610 2655 per
627 2603 657 2640 se
675 2597 786 2656 spectes
803 2604 895 2658 neque
909 2588 946 2642 ad
960 2591 1093 2642 Proteum
1105 2602 1197 2657 neque
1211 2585 1249 2641 ad
1262 2584 1411 2640 Biotheam

261 2657 439 2712 referendum
453 2667 520 2711 erat.
556 2657 653 2711 Sensit
668 2657 696 2711 id
711 2659 874 2713 Gerhardus
887 2658 916 2712 in
930 2661 1006 2712 Mus.
1020 2659 1110 2712 Rhen.
1127 2660 1202 2712 Nou.
1212 2656 1271 2712 viii.
1285 2669 1412 2725 130-133,

260 2728 309 2782 ubi
327 2730 405 2782 locos
422 2727 502 2782 affert
519 2737 646 2781 ueterum
660 2728 761 2798 quibus
775 2730 894 2784 Broteas
907 2729 1081 2783 mentionem
1095 2730 1190 2782 habet.
1229 2729 1301 2782 Sunt
1318 2736 1411 2781 autem

262 2799 386 2869 (praeter
397 2797 480 2853 Ouid.
493 2799 533 2853 M.
544 2818 571 2853 v.
584 2812 641 2865 107,
651 2799 699 2853 ubi
713 2799 786 2854 inter
796 2801 946 2868 Cephenas
960 2802 1080 2855 Broteas
1093 2808 1145 2866 est,
1157 2798 1204 2852 xii.
1215 2799 1268 2852 260
1280 2797 1328 2852 ubi
1343 2797 1414 2850 inter

261 2868 409 2940 Lapithas)
422 2868 470 2923 hi:
494 2871 578 2923 Paus.
597 2868 625 2923 ii.
638 2885 681 2924 22.
695 2885 719 2937 3,
739 2871 786 2925 ubi
806 2872 958 2925 Tantalum
976 2873 1020 2924 τὸν
1034 2870 1152 2924 θυέστου
1170 2870 1250 2925 παῖδα
1268 2868 1282 2936 ἢ
1303 2868 1414 2937 Βροτέου
1472 2870 1473 2873 ’

260 2940 418 2995 Pausanias
441 2939 587 3009 distinguit
609 2941 646 2994 ab
668 2941 724 2994 alio
748 2941 824 2995 Iouis
846 2950 874 2996 et
897 2943 994 2996 Plutus
1017 2941 1094 3007 filio;
1121 2940 1158 2994 iii.
1182 2955 1225 2994 22.
1248 2953 1266 3006 4
1292 2940 1413 3006 Μάγνησι

261 3011 291 3081 (a
313 3010 422 3081 Sipylo)
445 3013 549 3081 Μητρός
570 3010 628 3065 ε’στι
653 3011 717 3065 θεῶν
738 3011 909 3082 ἀρχαιότατον
929 3013 1048 3066 ἁπάντων
1068 3012 1181 3082 άγιιλμα·
1211 3012 1320 3077 ποιῆσαι
1341 3010 1370 3062 δέ
1392 3009 1415 3060 οἱ

262 3081 396 3154 Μάγνητες
412 3081 474 3135 αὐτὸ
491 3081 603 3151 Βροτέαν
618 3082 728 3152 λέγουσι
745 3084 789 3135 τὸν
800 3080 941 3135 Ταντάλου.
976 3083 1023 3136 Ad
1037 3082 1158 3137 eandem
1171 3081 1285 3135 Tantali
1299 3080 1414 3149 stirpem

209 3178 210 3182 ¹
263 3154 382 3208 Broteas
396 3153 514 3207 refertur
526 3152 554 3206 in
568 3153 664 3209 Schol.
674 3154 740 3206 Eur.
753 3155 844 3207 Orest.
859 3166 881 3222 5,
897 3153 1038 3207 Mantissa
1053 3152 1185 3207 Prouerb.
1196 3151 1224 3206 ii.
1234 3166 1269 3221 94
1284 3151 1414 3216 Leutsch,

260 3225 352 3280 Tzetz.
366 3227 453 3292 Exeg.
470 3224 501 3278 Il.
514 3241 544 3293 p.
557 3224 592 3278 68
611 3225 767 3292 Hermann,
784 3225 835 3278 sed
853 3233 884 3278 ut
897 3224 1010 3278 Tantali
1030 3223 1111 3291 filius,
1130 3239 1187 3276 non
1206 3232 1288 3291 pater
1299 3221 1415 3283 ,dicatur

262 3295 405 3352 (Ταντάλου
424 3296 465 3347 καὶ
483 3293 669 3362 Εὐρυανάσσης
687 3294 787 3364 Πέλοψ
805 3295 917 3363 Βροτέας
936 3295 1042 3361 Νιόβη).
1081 3296 1142 3347 Iam
1155 3310 1220 3347 cum
1236 3293 1264 3346 in
1280 3295 1364 3346 Paus.
1377 3290 1414 3344 iii.

261 3381 295 3420 22
310 3376 338 3421 et
351 3368 440 3420 Tzetz.
456 3367 544 3435 Exeg.
559 3365 592 3420 ll.
604 3381 632 3434 p.
642 3365 676 3419 68
690 3366 816 3435 Βροντέας
828 3382 879 3434 pro
892 3383 919 3420 u.
929 3366 947 3419 l.
960 3364 1129 3431 inueniatur,
1143 3363 1317 3430 Gerhardus,
1330 3363 1415 3417 allato

193 3496 196 3502 ,
262 3437 394 3491 Merkelii
414 3436 528 3489 Scholio
546 3453 574 3505 p.
587 3448 637 3501 471
658 3435 782 3490 Brothea
792 3438 878 3505 filius
896 3436 975 3489 Iouis
992 3440 1152 3490 excaecatus
1168 3439 1209 3488 est
1226 3453 1244 3486 a
1262 3435 1332 3487 Ioue
1348 3433 1416 3502 quia

259 3509 449 3577 nequissimus
460 3511 530 3574 erat,
542 3512 570 3560 et
581 3508 642 3560 ideo
649 3508 771 3577 proiecit
781 3524 810 3559 se
821 3508 853 3560 ιίι
863 3511 965 3577 pyram
978 3507 1121 3560 ardentem
1134 3506 1197 3559 odio
1208 3504 1313 3558 habens
1325 3506 1415 3557 uz'tam

262 3595 353 3645 suam,
376 3583 409 3630 ut
430 3578 473 3630 ait
493 3578 605 3630 Darius
626 3577 746 3632 coniecit
766 3595 852 3647 posse
874 3578 911 3631 ad
935 3579 990 3630 hoc
1014 3594 1119 3631 nomen
1141 3575 1268 3646 Βροντέου
1289 3573 1416 3629 reuocari

261 3648 388 3702 fabulam
406 3646 484 3700 illam
503 3663 559 3716 qua
577 3647 637 3716 ipse
657 3665 688 3702 se
708 3650 826 3702 Broteas
845 3648 902 3716 igni
922 3647 1111 3717 absumpserit
1130 3646 1232 3700 eodem
1253 3646 1342 3699 modo
1361 3661 1416 3715 quo

262 3717 386 3773 tonitrua
411 3716 440 3770 in
462 3734 525 3770 sese
547 3717 653 3772 reuolui
676 3735 709 3772 ac
733 3718 871 3773 resorberi
893 3717 1050 3773 uideantur.
1096 3717 1180 3786 Quod
1202 3716 1334 3786 quamuis
1356 3715 1417 3785 ipse

261 3788 399 3856 reiecerit,
418 3804 486 3841 uero
504 3787 623 3842 similius
644 3789 738 3842 iudico
760 3789 793 3843 iis
814 3806 886 3859 quae
907 3798 971 3859 post
993 3788 1151 3855 subnexuit,
1169 3804 1222 3841 nec
1244 3802 1416 3856 quemquam

261 3859 332 3929 sugit
343 3868 468 3929 quantae
481 3868 575 3928 partes
589 3858 617 3912 in
630 3860 804 3929 mythologia
817 3860 873 3913 sint
886 3859 956 3914 caeli
970 3877 1004 3914 ac
1016 3859 1158 3913 similium.

298 3933 395 3986 Vnum
407 3940 503 3985 tamen
520 3931 613 3984 locum
628 3931 791 3985 Gerhardus
804 3930 992 4000 praetermisit
1005 3930 1052 4000 qui
1069 3929 1092 3983 si
1109 3929 1202 3983 minus
1215 3926 1253 3982 ad
1266 3927 1417 3997 expedien-

263 4002 331 4057 dam
343 4019 412 4071 rem,
426 4001 463 4056 ad
477 4000 653 4056 Scholiorum
669 4011 745 4056 certe
757 4001 974 4071 explicationem
990 4010 1033 4055 est
1050 3999 1174 4054 maximi.
1212 4001 1289 4052 Nam
1303 4001 1417 4053 Tzetzes

263 4075 301 4129 ad
324 4075 391 4142 Lyc.
413 4087 459 4126 111
483 4074 555 4126 haec
576 4073 662 4128 habet
684 4070 778 4141 Ἀθηνᾷ
800 4073 849 4126 τινὶ
871 4072 1000 4138 Βασιλίδι,
1021 4072 1053 4139 τῇ
1075 4071 1116 4123 καὶ
1137 4070 1260 4136 Βελονίκη
1282 4070 1418 4139 λεγομένη,

262 4145 371 4217 θυγατρὶ
390 4144 418 4197 δὲ
436 4142 561 4213 Βροντέου
579 4141 742 4214 ὑπαρχούσῃ,
753 4141 905 4212 Ἥφαιστος
922 4140 996 4224 γάμιρ
1013 4142 1097 4212 μιγεὶς
1112 4145 1188 4212 γεννᾷ
1202 4138 1373 4209 Ἐριχθόνιον,
1391 4138 1419 4194 ὃς

262 4217 439 4281 ἐβασίλευσεν
456 4217 500 4282 τῆς
518 4211 642 4281 Ἀττικῆς.
679 4217 768 4269 Recte
787 4213 872 4282 igitur
889 4214 926 4268 ab
947 4214 1123 4280 Hieronymo
1142 4211 1171 4265 in
1191 4211 1298 4265 Euseb.
1312 4211 1415 4265 Chron.

262 4305 289 4357 p.
307 4302 338 4355 31
364 4287 476 4341 Schbne
502 4283 703 4339 Erichthonius
721 4283 842 4339 Vulcani
864 4294 892 4340 et
915 4283 1063 4338 Mineruae
1088 4282 1160 4336 filius
1181 4280 1301 4335 dicitur:
1332 4298 1416 4351 quem

262 4368 377 4413 secutus
391 4356 550 4412 Scholiasta
564 4356 626 4410 cod.
640 4358 709 4425 Reg.
724 4355 791 4410 2061
807 4355 886 4410 addit
900 4357 1054 4409 Brotheam
1066 4355 1112 4407 uel
1126 4354 1280 4407 Brotheum
1294 4352 1417 4406 eundem

262 4428 350 4484 fuisse
374 4437 460 4497 atque
483 4428 559 4481 hunc
580 4426 805 4495 Erichthonium,
824 4426 943 4481 Vulcani
966 4435 994 4492 et
1018 4425 1166 4478 Mineruae
1192 4423 1288 4477 filium.
1333 4422 1417 4492 Quod

263 4508 294 4553 ut
313 4516 370 4552 non
389 4501 503 4552 Tzetzes
520 4497 676 4566 tradiderit,
695 4499 732 4552 ad
751 4499 826 4552 hunc
845 4508 940 4553 tamen
959 4496 1051 4552 redire
1071 4495 1198 4550 scholion
1218 4495 1337 4549 uidetur.
1425 4504 1429 4515 “
