3038 4988
508 387 855 451 COMMENTARIVS.
1195 394 1253 452 156

98 555 143 603 est
157 544 269 615 (Timol.
279 544 382 615 xxxiv).
411 544 530 617 Scripsit
542 546 677 616 carmina,
687 565 721 602 ex
731 545 834 616 quibus
846 543 1022 615 epigramma
1034 553 1110 602 extat
1122 561 1166 616 ap.
1179 546 1252 604 Plut.

99 619 202 672 Timol.
215 617 297 685 xxxii,
312 618 406 688 Bergk
419 620 449 672 P.
465 620 494 672 L.
508 634 535 687 p.
546 619 606 687 638,
620 619 655 672 cf.
669 620 757 672 Grote
771 616 846 671 Hist.
860 617 893 670 ol
902 619 1010 671 Greece
1023 616 1049 670 xi
1063 635 1110 699 pp.
1120 633 1136 671 2
1140 630 1180 687 59,
1191 618 1252 674 260.

97 693 247 743 membra.
275 691 437 743 Mamercus
450 689 528 757 ἥνπερ
539 689 563 740 οἱ
574 689 670 754 λῃσταὶ
680 688 752 756 δίκην
759 688 837 741 ἔδωκε
848 688 931 756 (Plut.
942 684 1016 742 Tim.
1026 688 1128 757 xxxiv).
1154 688 1253 758 Qualis

99 777 135 814 ea
152 777 229 813 mors
247 759 329 813 fuerit
346 759 430 814 docet
445 760 532 813 Anth.
546 760 577 813 P.
589 758 624 813 xi.
639 760 699 813 280.
716 773 737 827 1,
751 773 767 826 3
782 757 830 812 ubi
849 759 1000 827 Hegemon
1017 758 1133 828 quidam
1146 757 1252 829 piratas

99 830 250 884 concidere
270 829 453 899 (κατατέμνειν)
473 829 583 884 dicitur.
621 829 698 884 Suid.
718 846 739 884 s.
753 846 779 884 u.
799 829 914 883 Κιλίκιοο
932 827 1042 896 ὄλεθρος
1060 828 1129 884 dicit
1147 829 1252 900 piratas

98 901 142 955 ἐπ’
164 902 275 966 ὠμότητι
297 900 489 966 διαβεβλῆσθαι
509 900 585 954 unde
605 917 662 954 non
683 899 786 953 mirum
807 898 831 953 si
851 897 904 968 ipsi
927 898 1086 954 crudelibus
1108 900 1253 982 suppliciis

100 971 302 1026 afficiebantur.
392 974 461 1025 549.
482 974 653 1035 Syracosio.
687 969 863 1024 Scholiastae
883 969 1066 1024 Theocritum
1086 969 1253 1040 intelligunt,

100 1041 190 1111 quiin
204 1041 408 1111 epigrammate
420 1042 507 1096 Anth.
522 1043 552 1096 P.
565 1041 600 1096 ix.
614 1056 674 1109 434.
688 1056 703 1094 2
717 1040 754 1095 de
772 1058 803 1094 se
820 1040 939 1110 loquens
956 1037 1001 1095 Eis
1013 1040 1063 1094 ἀπὸ
1075 1046 1125 1094 τῶν
1137 1044 1253 1110 πολλῶν,

100 1112 149 1180 ait,
170 1113 220 1179 ε1μ1
242 1109 412 1181 Συρηκοσίων,
432 1121 460 1167 et
482 1111 523 1166 sic
545 1111 685 1181 Vergilius
703 1112 765 1165 Ecl.
777 1111 813 1167 vi.
830 1125 840 1163 1
856 1112 1004 1180 Syracosio
1017 1126 1101 1165 uersu
1114 1129 1145 1167 se
1157 1111 1253 1167 ludere

99 1183 190 1237 idest
207 1184 320 1236 imitati
340 1182 517 1237 Theocritum
536 1184 748 1253 Syracusanum
768 1182 858 1251 (Seru.
873 1181 910 1235 ad
927 1180 991 1248 loc.)
1004 1182 1156 1252 profitetur.
1197 1183 1255 1237 Sed

100 1254 176 1307 hunc
192 1254 294 1323 laqueo
312 1253 430 1322 periisse
452 1253 528 1322 apud
549 1253 693 1307 neminem
713 1261 833 1320 constat,
855 1269 1028 1322 quamquam
1052 1269 1110 1306 non
1132 1253 1254 1308 absurde

100 1324 228 1378 Alciatus
241 1326 351 1392 Parerg.
366 1324 400 1378 ix.
415 1337 449 1391 23
462 1323 583 1378 coniecit
601 1323 729 1377 allusisse
749 1322 884 1377 Ouidium
903 1323 940 1377 ad
958 1340 1024 1377 eum
1036 1333 1193 1378 amatorem
1206 1323 1253 1394 qui

101 1411 147 1463 ap.
157 1395 339 1449 Theocritum
354 1394 395 1448 ld.
405 1393 471 1447 xxiii
485 1411 515 1448 se
528 1394 621 1463 ipsum
633 1410 729 1448 amore
743 1393 837 1448 dilecti
850 1393 929 1463 pueri
942 1392 1120 1463 suspenderit
1132 1394 1254 1464 (49-52):

101 1464 187 1535 idque
209 1482 244 1519 eo
265 1465 323 1519 ueri
346 1464 465 1518 similius
488 1465 518 1518 fit
537 1464 613 1534 quod
634 1466 689 1518 hoc
711 1482 833 1532 carmen,
853 1474 883 1518 ut
903 1463 976 1518 inter
995 1463 1137 1519 Theocriti
1157 1465 1255 1535 idyllia

101 1536 195 1589 locum
206 1536 301 1605 habet,
315 1535 355 1590 ita
367 1553 385 1590 a
397 1535 549 1590 Theocrito
566 1536 644 1589 nullo
661 1535 747 1589 modo
760 1533 844 1589 scribi
857 1534 956 1604 potuit,
969 1533 1035 1594 uide
1049 1535 1255 1590 Wordsworth·

101 1605 161 1660 ium
178 1623 205 1675 p.
222 1619 288 1674 173:
307 1624 375 1660 narn
394 1606 454 1660 siue
476 1607 512 1660 ab
531 1605 654 1676 antiquis
673 1623 738 1660 curn
756 1604 932 1660 Theocriteis
951 1605 1105 1674 legebatur,
1125 1605 1194 1660 satis
1216 1607 1254 1661 ad

101 1678 157 1730 hoc
182 1694 286 1731 causae
310 1677 362 1731 fuit
388 1677 465 1747 quod
494 1676 638 1731 Theocriti
660 1687 781 1731 mortem
801 1676 969 1730 credebatur
989 1692 1124 1742 narrare;
1150 1676 1210 1732 siue
1236 1694 1254 1732 a
1313 1670 1328 1684 “

100 1747 256 1802 recentiore
278 1747 373 1818 aliquo
394 1747 537 1802 Theocriti
557 1747 661 1815 idylliis
680 1748 896 1801 adnumeratum
917 1755 969 1814 est,
992 1745 1057 1800 lecit
1079 1746 1109 1801 id
1129 1746 1195 1817 quia
1216 1747 1254 1802 ad

101 1829 203 1888 poetae
215 1819 304 1872 fatum
322 1817 463 1888 pertinere
482 1835 596 1872 carmen
615 1817 769 1888 antiquitus
787 1817 922 1871 traditum
941 1815 1058 1872 uiderat.
1097 1818 1180 1872 Certe
1196 1834 1254 1873 non

101 1898 195 1960 potest
216 1889 368 1957 significari
387 1888 542 1958 Antiphon,
562 1898 593 1942 ut
616 1899 681 1958 post
701 1887 896 1942 Bonannum*
917 1887 1047 1956 Syracus.
1066 1887 1161 1958 Antiq.
1182 1886 1208 1943 ii.
1229 1903 1254 1958 2,

101 1960 253 2013 Welckero
267 1959 391 2029 (Griech.
405 1959 528 2028 Trago‘d.
541 1958 579 2014 iii.
596 1976 623 2029 p.
641 1958 717 2027 1041)
731 1959 844 2028 placuit.
882 1957 939 2012 Hic
951 1957 1027 2012 enirn
1040 1957 1092 2013 etsi
1107 1958 1254 2027 Syracusis

102 2029 171 2084 uixit
189 2046 254 2084 curn
274 2025 413 2099 Dionysio
431 2039 552 2098 tyranno
570 2029 687 2100 eiusque
705 2029 866 2098 tragoedias
887 2029 1052 2098 refingebat‚
1077 2038 1162 2099 atque
1180 2029 1254 2085 adeo

102 2111 223 2155 mortem
237 2100 290 2154 sibi
304 2100 448 2171 peperisse
461 2101 607 2155 dicebatur
619 2102 695 2171 quod
708 2117 757 2155 eas
770 2100 899 2155 acerbius
912 2099 1138 2169 reprehenderet,
1151 2101 1253 2170 laqueo

102 2188 160 2225 non
179 2182 222 2226 est
241 2171 434 2242 interemptus,
453 2172 505 2225 sed
523 2180 571 2225 aut
590 2171 737 2226 tormentis
756 2172 841 2241 (Plut.
854 2170 889 2225 de
908 2170 994 2225 Stoic.
1008 2172 1136 2240 Repugn.
1150 2171 1253 2241 xxxvii)

103 2252 152 2296 aut
172 2243 246 2296 fuste
267 2243 383 2311 (μέλλων
403 2242 654 2311 ἀποτυμπανίζεσθαι
675 2242 761 2296 Arist.
780 2243 862 2296 Rhet.
883 2239 910 2297 ii.
923 2239 961 2302 6).
999 2243 1101 2311 Neque
1123 2258 1190 2297 uero
1211 2253 1255 2298 est

103 2313 302 2382 Empedocles
321 2312 451 2383 quamuis
473 2330 538 2367 eum
561 2313 723 2368 Demetrius
743 2312 911 2368 Troezenius
930 2328 975 2381 ap.
996 2311 1081 2382 Diog.
1101 2313 1130 2366 L.
1151 2312 1207 2369 viii.
1221 2325 1256 2381 74

102 2393 197 2438 narret
215 2383 364 2453 Ἀψάμενον
382 2386 483 2454 βρόχον
501 2384 578 2437 alais
598 2381 645 2452 ἀφ’
666 2384 782 2466 ὑψηλοῖο
804 2383 919 2451 κρανείητ
939 2381 1030 2452 Αὗχέν’
1054 2384 1254 2454 άποκρεμάσαιι

102 2471 170 2508 narn
189 2454 378 2524 Empedocles
397 2454 499 2508 dicitur
515 2471 561 2510 uu.
579 2467 637 2524 597,
655 2456 670 2508 8
688 2472 717 2509 rn
735 2457 858 2509 Aetnam
877 2453 1026 2509 insiluisse.
1062 2456 1108 2507 An
1127 2463 1170 2509 est
1191 2455 1254 2509 Phi-

103 2525 240 2579 loxenus?
277 2525 352 2579 Huic
373 2525 450 2579 enirn
471 2525 532 2579 siue
553 2536 668 2595 propter
688 2525 889 2580 helluationem
911 2542 968 2595 qua
988 2525 1123 2594 polypum
1145 2524 1256 2595 δίπηχυν

103 2596 190 2650 fertur
205 2595 370 2666 degluttisse
386 2605 574 2666 precatusque
586 2606 617 2650 ut
632 2596 687 2651 tria
699 2598 772 2651 colla
789 2597 907 2651 haberet
920 2595 1021 2666 quibus
1038 2594 1135 2649 omnia
1151 2605 1179 2651 et
1193 2595 1255 2652 sine

104 2666 159 2719 fine
183 2676 295 2721 uoraret
320 2665 433 2734 (Athen.
460 2681 520 2735 341,
544 2668 605 2722 Ael
628 2669 663 2722 V.
686 2669 724 2722 H.
744 2686 770 2723 x.
791 2666 828 2736 9),
851 2667 911 2722 siue
936 2667 973 2721 ob
994 2665 1144 2736 epistulam
1169 2682 1255 2737 quam

105 2737 244 2805 Dionysio
266 2747 416 2807 postquam
441 2747 571 2792 euaserat
596 2755 630 2792 ex
654 2737 777 2792 latomiis
804 2736 997 2807 Syracusanis,
1019 2754 1076 2808 quo
1097 2754 1115 2792 a
1134 2747 1255 2806 tyranno

104 2808 255 2862 damnatus
276 2817 345 2876 erat,
364 2808 516 2878 rescripsit,
536 2808 606 2862 nihil
630 2809 823 2864 continentem
847 2818 959 2879 praeter
982 2824 1069 2862 unum
1094 2829 1124 2861 ου
1146 2807 1206 2864 siue
1230 2824 1256 2878 υ,

104 2880 131 2932 h.
141 2896 165 2933 e.
187 2878 270 2932 simul
291 2878 445 2949 imaginem
470 2879 561 2949 restis,
581 2879 664 2934 simul
691 2879 840 2934 recusandi
859 2880 979 2949 signum,
1000 2878 1159 2933 huiusmodi
1179 2894 1255 2934 mors

103 2966 155 3018 per
172 2950 303 3018 laqueum
320 2949 420 3004 merito
437 2950 543 3020 adtingi
561 2950 659 3020 potuit.
698 2950 801 3006 Suidas
814 2949 953 3018 Φιλοξένου
965 2949 1134 3019 γραμμάτιον·
1151 2948 1193 3004 dal
1206 2955 1258 3004 τῶν

104 3020 138 3088 μὴ
162 3020 318 3088 πειθομένων
340 3019 382 3090 ἐφ’
408 3016 446 3077 οἷς
469 3024 685 3092 παρακαλοῦνται,
709 3018 770 3074 ἀλλ’
796 3020 1006 3092 ἀπαγορευόντων
1029 3021 1138 3088 μᾶλλον.
1179 3022 1256 3074 Φιλά-

104 3094 177 3158 ξενος
204 3092 255 3162 γὰρ
283 3094 298 3144 ὁ
326 3090 452 3160 Κυθήριος
479 3091 614 3163 διαφυγὼν
631 3093 689 3148 ,τὰς
717 3091 753 3147 εῖτ
782 3089 947 3161 Συρακούσας
974 3089 1132 3159 λιθοτομίας,
1160 3089 1197 3145 ιίτ
1227 3090 1257 3148 ds·

104 3161 233 3229 ἐνέπεσεν,
250 3161 290 3216 ὅτι
307 3163 353 3217 τὰς
371 3162 510 3217 Διονυσίου
529 3167 575 3216 τοῦ
595 3164 719 3252 τυράννου
738 3159 881 3234 τραγῳδίαι*
900 3161 945 3216 οὐκ
964 3159 1059 3230 lapset,
1079 3160 1207 3229 θιίτριβτν
1226 3160 1255 3216 ίν

105 3233 215 3301 Τάραντι
233 3234 277 3301 τῆς
299 3232 419 3289 Ἰταλίας.
446 3254 675 3302 μεταπεμπομενου
696 3233 724 3287 δι’
744 3233 885 3287 Διονυσίου
903 3232 981 3286 αὐτὸν
1000 3233 1041 3285 κα1
1061 3230 1195 3298 άξιοῡντοτ
1212 3231 1255 3286 διὰ

104 3304 260 3373 γραμμάτων
272 3303 366 3367 ἐλθεῖν,
379 3306 517 3373 Φιλόξενος
528 3303 687 3375 ἀντιγράψαι
703 3306 749 3374 μὲν
766 3304 811 3358 οὐκ
829 3304 903 3392 ίγνω,
921 3303 1010 3363 λαβὼν
1022 3301 1049 3356 di
1063 3301 1170 3365 βιβλίον
1181 3302 1211 3355 rb
1225 3305 1255 3355 ὀῑι

106 3376 237 3443 στοιχεῖον
253 3375 267 3426 ἔ
284 3376 355 3444 ραψε
374 3377 454 3443 μόνον
470 3376 598 3431 πολλάκις
614 3375 642 3428 ἐν
657 3375 705 3429 αι’ντ
715 3375 726 3387 ”
744 3374 786 3429 διὰ
803 3396 896 3428 τουτου
915 3373 1036 3441 δηλίυσοκ
1053 3371 1093 3426 ὅτι
1111 3371 1157 3441 την
1174 3371 1255 3443 παρά·

105 3445 199 3512 κλησιν
211 3443 236 3498 δι
273 3448 345 3499 εἷται.
378 3446 419 3500 Cf.
435 3444 569 3514 Scaligeri
582 3447 689 3500 Auson.
704 3396 779 3501 iicet.
789 3444 817 3501 ii.
827 3460 869 3500 το.
902 3447 1082 3515 Quamquam
1095 3441 1160 3498 huic
1173 3459 1255 3498 suam

104 3515 289 3572 uoracitatem
318 3514 433 3570 exitium
460 3517 566 3584 tulisse,
590 3516 671 3571 testis
696 3527 740 3578 est
763 3517 928 3572 Athenaeus
953 3530 1013 3585 341.
1067 3517 1256 3581 munnae

105 3588 195 3639 fauce
214 3587 267 3655 ‘by
283 3586 504 3656 strangulatiom'
523 3587 593 3642 Plin.
609 3589 646 3642 H.
661 3589 698 3642 N.
712 3586 775 3642 xvii.
790 3601 842 3656 234
860 3603 1025 3642 crassescens
1039 3584 1153 3656 (cortex)
1171 3588 1255 3658 prae·

105 3659 225 3727 stringet
242 3663 270 3711 et
288 3659 460 3728 strangulat.
593 3662 663 3713 550.
682 3663 808 3714 animae
831 3658 987 3728 genitiuum
1009 3657 1104 3726 credo,
1124 3656 1160 3712 ct'.
1181 3657 1258 3712 uocis

105 3729 163 3781 iter
181 3740 239 3796 570.
322 3732 388 3782 551.
406 3732 504 3783 Nuda
521 3735 660 3797 pateant,
678 3729 696 3783 i.
705 3748 732 3801 q.
751 3729 894 3785 nudentur
911 3739 940 3785 et
958 3738 1082 3799 pateant.
1132 3730 1258 3795 dtrspts

106 3802 186 3863 pelle
199 3799 249 3868 ‘by
261 3798 400 3869 stripping
412 3817 492 3869 away
503 3801 553 3856 the
565 3800 646 3856 skin’
683 3803 724 3855 M.
734 3800 771 3856 vi.
781 3801 832 3870 387
842 3801 990 3857 clamati
998 3801 1072 3857 cutis
1083 3804 1125 3855 est
1135 3815 1258 3855 summos

140 3988 155 4022 *
172 3987 295 4034 Bonannns
310 3988 426 4051 (Syracus.
440 3990 520 4051 Antiq.
532 3989 556 4040 ἰί.
570 3988 597 4049 s)
611 3989 634 4037 in
651 3988 804 4051 disputatione
820 4005 890 4052 qnam
905 3989 934 4038 de
947 3987 992 4038 hoc
1008 3988 1061 4037 loco
1076 3986 1146 4037 Ibidis
1160 3986 1256 4048 scripsit.

108 4054 200 4116 negauit
212 4054 332 4116 significari
346 4070 411 4115 posse
425 4056 578 4102 Theocritum
595 4057 770 4117 Syrrcmanurn,
785 4057 823 4117 qui
840 4065 911 4116 epoto
924 4070 1015 4104 ueneno
1030 4053 1119 4116 perlisse
1131 4054 1220 4101 dicatur
1232 4052 1256 4100 111

108 4119 189 4179 ldyllio
200 4121 262 4179 quod
274 4119 302 4166 de
315 4135 344 4166 eo
359 4122 399 4167 sub
411 4122 488 4168 Bionis
503 4123 597 4168 nornine
611 4123 722 4182 scripserit
737 4123 847 4169 Moschus
863 4122 905 4181 (ili.
921 4122 995 4183 111);
1011 4120 1118 4181 idemque
1132 4119 1256 4180 suspicatus

108 4193 142 4230 est
153 4183 184 4231 ad
195 4185 359 4246 Syracusanum
370 4187 454 4233 tralata
465 4187 532 4234 fuisse
544 4202 604 4248 qnae
616 4188 644 4235 dc
656 4188 717 4234 Chio
728 4188 802 4235 uerius
813 4195 946 4239 narrentur:
964 4186 1003 4234 sed
1016 4186 1039 4233 111
1051 4185 1114 4232 nullo
1126 4184 1178 4232 loco
1190 4197 1218 4231 οκ
1230 4183 1257 4232 111

108 4264 165 4309 quos
182 4250 211 4297 de
227 4248 354 4298 Theocrito
370 4250 431 4298 Chio
447 4253 521 4300 citant
538 4253 689 4300 Bsrnhsrdius
706 4254 734 4300 sd
749 4254 841 4301 Suidsm
859 4267 876 4301 s.
884 4267 908 4303 11.
926 4252 1036 4300 Miillesus
1054 4252 1076 4298 ln
1093 4250 1183 4314 fragm.
1196 4249 1257 4299 11111.

108 4316 190 4363 Graec.
206 4315 229 4362 ii.
248 4331 287 4376 pp.
300 4314 340 4372 86,
352 4315 384 4378 87
401 4327 491 4365 constat
507 4318 568 4365 hunc
585 4319 759 4383 strangulatum
774 4320 850 4376 luisse,
869 4318 907 4366 sed
925 4327 1015 4373 tantum
1035 4317 1065 4364 ab
1083 4316 1202 4381 Antigono
1218 4330 1256 4362 oe·

108 4390 201 4436 ostum3
218 4382 261 4428 nisi
277 4381 338 4428 forte
352 4397 382 4429 ex
396 4384 472 4431 uerbis
486 4385 598 4447 Antigoni
613 4399 650 4445 sp.
664 4385 725 4433 Plut.
741 4385 803 4434 Μοτ.
817 4397 844 4433 11
863 4382 1000 4447 τοιγαροῦν,
1015 4380 1071 4444 lay.
1085 4379 1130 4443 την
1145 4379 1258 4445 asponis

109 4445 157 4570 qisx
175 4443 234 4507 ἔξεις
250 4462 380 4509 compresso
393 4464 434 4510 per
450 4450 557 4511 laqueum
573 4451 652 4513 spirito
671 4452 763 4513 periisse
783 4451 926 4499 iudicabitur.
960 4449 1018 4498 vius
1038 4448 1145 4499 Mactob.
1158 4448 1205 4499 tis.
1219 4447 1259 4499 sil.

127 4547 132 4557 .
145 4525 183 4558 11.
644 4524 651 4534 ’
