3126 4980
221 369 259 427 86
700 363 881 425 SCHOLIA

258 521 327 600 494.
346 520 392 582 Vt
420 520 479 600 qui
507 521 732 582 Socraticum.
786 521 918 582 Historia
942 521 1015 583 haec
1040 534 1086 582 est
1116 523 1159 583 de
1184 524 1409 586 Theombroto'

216 604 400 667 Ambraciota
423 605 541 681 dequo
565 603 671 664 Cicero
693 605 723 663 in
746 603 923 664 Tusculanis
945 604 1191 677 Quaestionibus
1218 607 1297 666 facit
1318 627 1399 667 men·
1506 594 1510 619 '¹

216 689 327 748 tionem
347 696 377 746 et
398 685 567 745 Lactantius
587 686 618 743 in
639 686 869 759 Quaestionibus
890 686 1005 746 Diuinis
1025 685 1109 764 (III.
1138 686 1212 765 18):
1244 690 1302 767 qui
1324 690 1398 749 lecto

217 768 349 828 Platonis
364 767 400 828 de
415 767 629 827 immortalitate
643 768 758 827 animae
774 769 891 845 saepius
908 768 981 827 libro
994 769 1045 827 ubi
1064 768 1230 829 inducitur
1248 772 1397 842 Socrates,

218 868 251 910 se
274 851 312 909 de
336 868 408 909 saxo
430 849 618 926 praecipitem
641 849 730 921 dedit,
751 850 844 909 multo
868 850 970 909 melius
993 850 1129 909 futurum
1155 852 1297 913 credens
1323 854 1397 912 mori

216 948 308 1009 quam
329 932 437 990 uiuere.
480 930 547 991 Cod.
564 933 602 1006 36
618 929 937 990 Semrnarr‘iPatauini.

261 1027 329 1088 495.
350 1011 395 1071 Vt
415 1012 473 1090 qui
495 1012 661 1072 Theseae.
714 1013 760 1071 De
774 1011 880 1089 Aegeo
895 1013 972 1072 dicit.
1016 1011 1053 1072 G.

259 1094 396 1169 Aegeum
410 1104 522 1171 patrem
537 1093 647 1153 Thesei
662 1095 754 1170 tangit
769 1096 815 1154 cui
830 1094 965 1154 Theseus
979 1094 1017 1153 ad
1028 1092 1250 1156 Minotaurum
1268 1099 1396 1159 tendens

217 1193 286 1236 cum
300 1175 390 1251 nigris
405 1175 476 1235 nelis
490 1174 571 1252 quod
585 1188 646 1235 erat
660 1176 777 1252 signum
794 1177 925 1235 tristitiae
946 1176 1121 1254 promiserat
1144 1196 1179 1236 se
1202 1189 1394 1239 mutaturum

218 1257 302 1333 nigra
323 1256 389 1316 uela
412 1258 443 1315 in
464 1257 531 1317 alba
551 1257 576 1316 si
602 1257 801 1317 Minotaurum
822 1259 960 1317 uinceret.
1020 1276 1081 1335 quo
1104 1260 1241 1319 tandem
1267 1265 1352 1322 uicto
1377 1281 1395 1321 a

218 1338 339 1398 Theseo
364 1348 468 1398 nautae
493 1356 560 1415 prae
581 1338 687 1398 laetitia
711 1338 794 1398 obliti
816 1349 885 1398 sunt
907 1349 1016 1398 mutare
1037 1338 1121 1397 uela:
1155 1360 1242 1418 quae
1268 1346 1342 1420 quia
1364 1345 1395 1402 in

218 1421 312 1480 reditu
332 1430 413 1498 pater
433 1421 470 1479 de
489 1438 556 1479 arce
577 1438 631 1479 sua
651 1421 735 1496 nigra
754 1421 828 1480 uidit
844 1421 935 1480 filium
950 1439 1034 1479 suurn
1049 1430 1161 1499 putans
1177 1434 1343 1484 mortuum
1358 1427 1394 1485 de

216 1502 322 1562 eadem
336 1519 403 1561 arce
417 1520 449 1561 se
463 1501 493 1559 in
507 1519 589 1561 mare
602 1503 810 1579 praecipitauit,
825 1521 843 1561 a
860 1521 920 1580 quo
942 1503 1051 1562 dictum
1071 1511 1117 1562 est
1132 1502 1289 1580 Aegeum
1312 1526 1392 1567 mare

218 1585 324 1661 etipse
339 1583 443 1643 dicitur
456 1583 486 1641 in
500 1583 573 1641 mari
587 1584 738 1645 deificatus
753 1602 827 1644 esse.
871 1583 905 1644 C.

260 1668 330 1742 496.
350 1674 388 1724 ut
404 1664 512 1724 iliaca
531 1666 656 1725 missus
678 1668 719 1725 ab
739 1662 818 1725 arce
839 1684 930 1742 puer.
972 1665 1121 1726 Astianax
1142 1665 1226 1727 filius
1243 1668 1391 1731 Hectoris

218 1764 309 1824 quem
322 1746 427 1806 Vlixes
437 1746 475 1805 de
490 1746 558 1805 turri
572 1747 780 1825 praecipitauit.
825 1747 862 1808 G.

261 1840 330 1905 497.
351 1827 396 1886 Vt
417 1828 526 1887 teneri
548 1829 670 1887 nutrix.
713 1829 779 1888 Ino.
824 1828 860 1889 G.

260 1904 404 2050 [Dicitur]
416 1910 452 1969 de
466 1909 544 1968 Inoe
558 1927 633 1986 quae
650 1909 796 1970 Bacchum
811 1920 972 1970 cannetum
987 1911 1024 1970 de
1042 1919 1147 1969 uentre
1164 1911 1310 1974 Semeles
1325 1917 1391 1976 eius

218 1992 329 2053 sororis
350 2011 368 2051 a
391 2004 462 2051 'oue
484 1991 653 2050 fulminatae
673 1993 791 2051 nutriuit
811 2002 840 2051 et
861 2011 950 2052 suasu
964 1993 1087 2052 Iunonis
1106 2011 1161 2069 per
1177 1993 1389 2073 Tisiphonem

218 2073 357 2134 insaniuit
377 2082 495 2132 etcum
514 2072 574 2132 filio
596 2072 748 2133 Melicerta
769 2069 828 2155 [se]
849 2074 880 2132 in
901 2092 982 2133 mare
1006 2074 1224 2152 praecipitauit,
1255 2077 1388 2139 Ouidius

220 2153 311 2214 Meta.
356 2153 503 2214 catast.

262 2238 331 2311 498.
359 2234 404 2294 Vt
437 2236 492 2295 cui
527 2254 630 2296 causa
668 2237 772 2296 necis.
856 2236 961 2296 Perdix
972 2236 1024 2296 fuit
1034 2237 1286 2314 neposDaedali‚
1296 2260 1388 2320 quern

219 2317 325 2378 Perdix
348 2316 443 2395 'nepos
466 2316 590 2378 Daedali
616 2336 722 2378 serram
745 2327 775 2378 et
815 2319 879 2395 ipse
900 2319 1049 2378 Daedalus
1070 2319 1180 2392 docuit,
1197 2323 1256 2381 sed
1280 2335 1390 2401 postea

220 2400 276 2460 alia
307 2401 499 2459 instrumenta
527 2401 645 2459 inuenit.
695 2400 773 2460 unde
815 2401 903 2460 nimis
925 2400 1039 2471 doctus,
1054 2401 1091 2458 ab
1112 2419 1150 2460 eo
1173 2403 1249 2479 quia
1268 2424 1387 2466 serram

219 2482 378 2554 Daedalus,
396 2490 516 2559 propter
536 2482 684 2555 inuidiam,
701 2501 775 2555 eum
814 2483 919 2560 reperit
932 2482 1100 2542 interfectus
1114 2491 1168 2542 est
1213 2484 1258 2543 P.

219 2565 421 2642 praecipitauit
435 2563 465 2621 in
479 2565 561 2622 mari.
606 2562 644 2624 G.

262 2666 331 2722 499.
365 2645 489 2704 Lindia
532 2662 568 2704 se
612 2646 774 2722 scopulis.
858 2646 960 2705 Lidiae
974 2646 1102 2722 uirgines
1116 2644 1251 2707 conuitia
1262 2649 1389 2711 Baccho

220 2723 366 2787 Hercules
379 2726 775 2788 bonescuiusdamcomedit
816 2729 983 2805 ingerentes
1004 2738 1034 2786 et
1054 2728 1161 2788 festum
1185 2730 1253 2790 eius
1280 2733 1388 2810 prtffa-

257 2874 319 2924 494.
337 2871 353 2910 a
370 2855 505 2910 Brociade
517 2860 614 2912 Patau.
686 2859 789 2912 Seriora
807 2859 848 2912 hic
867 2869 896 2912 at
914 2860 1015 2914 acriora
1028 2859 1145 2929 praetuli
1161 2878 1320 2930 quanquam
1339 2882 1390 2918 non

221 2942 280 2984 ante
290 2947 356 2983 saec.
363 2929 420 2980 XV
421 2930 590 2982 innotuerunt.
612 2928 714 2983 Habent
726 2931 793 2984 hanc
805 2932 1036 2999 interpretationem
1049 2933 1097 2984 duo
1106 2932 1227 2984 Vaticani
1235 2935 1303 2991 Pal.
1315 2949 1387 3002 1709

138 3009 143 3017 '
220 3000 245 3056 et
262 3002 326 3070 Rtg.
341 3001 419 3066 2061,
432 3000 475 3053 ubi
493 3000 650 3066 Theobrotus,
664 3003 703 3054 ati
720 3003 748 3053 in
765 3003 903 3067 Patauino,
915 3002 1017 3066 dicitur,
1030 3021 1094 3069 quae
1102 3005 1200 3067 fsrrma
1219 3009 1338 3059 nominis
1357 3010 1387 3060 in

220 3071 346 3127 nonnullis
359 3070 480 3124 codicibus
492 3071 698 3125 Tusculanarum
709 3074 730 3123 I.
743 3089 784 3137 34.
796 3077 828 3137 84
842 3074 979 3127 inuenitur.
1004 3073 1174 3126 Cleombrotus
1186 3094 1206 3126 a
1217 3075 1389 3131 Callimacho

220 3145 297 3214 Epig.
310 3144 399 3195 XXV.
414 3159 425 3194 1
441 3143 589 3195 nominatur
600 3153 624 3195 et
636 3143 663 3195 in
675 3144 775 3211 optimis
787 3145 908 3197 codicibus
921 3143 1055 3197 Ciceronis.
1089 3145 1215 3198 Maraest
1226 3147 1256 3198 in
1271 3149 1388 3202 hocloco

220 3214 323 3268 inscitia
341 3213 547 3277 scholiastorum,
566 3232 672 3281 quorum
693 3214 794 3267 Choes
808 3214 887 3267 habet
906 3216 1032 3267 Socrates
1053 3214 1163 3267 insanus
1181 3231 1234 3282 pro
1253 3220 1387 3285 quodam

221 3284 353 3353 discipulo
365 3299 415 3337 suo
427 3282 567 3350 Alcipiade
581 3281 639 3352 (sic)
653 3283 742 3337 hausit
754 3299 893 3337 uenenum
906 3290 935 3338 et
947 3285 1042 3351 euasit,
1055 3285 1143 3338 hausit
1160 3301 1230 3338 uero
1249 3302 1308 3355 pro
1328 3290 1387 3343 deo

220 3354 282 3426 (do)
296 3360 325 3409 et
337 3355 427 3423 periit.
463 3369 548 3476 (luam
560 3353 625 3406 dum
638 3353 699 3410 libri
711 3354 752 3407 sui
765 3371 781 3408 a
796 3355 887 3422 phebo
900 3361 1090 3409 cremarentur
1101 3355 1214 3424 quidam
1227 3357 1387 3428 discipulus

220 3439 285 3479 suus
297 3425 385 3478 uoluit
397 3440 466 3492 quos
486 3441 530 3477 arn
542 3425 667 3492 exempla
679 3426 780 3479 habere
799 3426 872 3479 unde
891 3425 925 3479 ab
943 3426 1042 3479 inuidis
1060 3427 1088 3478 in
1106 3427 1175 3479 mari
1193 3430 1388 3496 precipitatus

221 3501 272 3562 est,
287 3496 309 3549 C
324 3497 386 3549 haec
403 3515 461 3549 cum
475 3496 540 3547 Ask.
558 3495 741 3549 Athenienses
758 3503 866 3550 socrate
884 3503 995 3550 mortuo
1014 3497 1097 3549 libros
1109 3513 1178 3567 quos
1196 3498 1255 3565 ipse
1269 3500 1387 3557 fecerat

221 3567 412 3634 imposuerunt
424 3565 488 3632 igni,
501 3582 569 3634 quos
582 3565 645 3634 quia
656 3569 776 3620 seruauit
789 3567 901 3637 quidam
913 3568 1017 3620 amicus
1029 3569 1134 3621 eiusab
1146 3568 1247 3621 inuidis
1260 3570 1300 3624 de
1313 3589 1387 3627 saxo

221 3636 415 3706 praecipitatus
427 3641 477 3689 est.
507 3637 593 3688 Nimis
596 3639 706 3703 futtilia
719 3650 778 3693 sunt
789 3658 853 3706 quae
864 3639 937 3692 addit
950 3639 972 3692 C
982 3658 1038 3692 cum
1052 3640 1138 3693 Mure.
1163 3641 1284 3694 Ceterum
1298 3648 1388 3699 miror·

221 3726 312 3765 ueram
333 3709 562 3776 interpretationem
581 3708 693 3775 latuisse,
713 3729 770 3763 cum
787 3712 814 3763 in
832 3709 932 3763 scholiis
952 3711 1070 3780 Gregorii
1086 3710 1257 3764 Nazianzeni
1276 3718 1388 3785 saepius

222 3789 437 3844 commemoretur,
451 3789 479 3831 ut
492 3779 574 3831 Cosm.
583 3790 613 3847 p.
623 3794 683 3844 577,
695 3781 782 3834 Nono.
791 3793 820 3850 p.
831 3798 892 3846 994.

258 3865 320 3916 495·
338 3849 471 3916 egeumC
539 3849 690 3904 tristicieC
758 3867 809 3921 pro
817 3851 948 3907 leticiaC
1016 3851 1128 3908 ablitiC
1196 3867 1300 3918 egeum
1315 3857 1347 3911 C.

257 3924 319 3988 496.
338 3921 457 3974 astionas
471 3921 503 3976 G.

257 4007 320 4060 497.
338 3991 460 4062 Dicitur]
473 4013 522 4046 om.
535 3993 601 4049 Ask.
672 3993 780 4063 ynoeC
847 3991 1001 4047 bachumC
1066 3994 1181 4048 semeles
1192 3994 1299 4051 sororis
1313 4013 1384 4053 suae

222 4067 288 4121 Asi.
342 4063 570 4132 thesiphonemC
621 4064 805 4119 melecertaC
863 4064 904 4135 se]
919 4066 1003 4120 omC
1036 4066 1101 4120 Met.
1113 4066 1160 4120 IV.
1172 4083 1235 4132 431.

223 4135 225 4139 ’
259 4140 320 4205 498.
338 4134 435 4206 nepos]
448 4137 499 4190 ima
510 4138 605 4190 sororis
609 4136 684 4200 filius
696 4136 790 4205 Hygia.
806 4140 848 4205 38,
861 4138 924 4191 Met.
938 4137 1011 4190 VIII.
1027 4155 1076 4203 24²
1185 4153 1275 4191 seram
1294 4137 1385 4196 hostii

220 4212 300 4279 inepte
312 4212 336 4262 P
348 4208 413 4276 quod
428 4211 527 4262 correxi
592 4208 710 4277 Apollod.
724 4210 775 4260 III.
792 4224 833 4273 15·
846 4226 861 4273 9
875 4209 904 4262 de
916 4207 976 4261 Tala
983 4207 1045 4275 filio
1061 4209 1175 4264 Perdicis
1193 4212 1290 4263 sororis
1304 4213 1384 4267 Doe-

219 4281 276 4335 doli
287 4298 359 4348 quem
370 4299 458 4333 serrae
469 4288 618 4348 repertorem
622 4278 696 4346 facit
707 4278 822 4347 μαθητὴν
833 4277 903 4346 ὄντα,
917 4278 1004 4336 δείσας
1015 4278 1050 4349 μὴ
1063 4279 1105 4333 διὰ
1117 4280 1163 4351 τὴν
1175 4278 1285 4349 εὐφυίαν
1297 4282 1384 4338 αὐτὸν

219 4350 362 4419 ὑπερβάλῃ·
382 4351 491 4421 σιαγόνα
503 4350 553 4420 γὰρ
567 4348 652 4419 ὄφεως
663 4349 745 4419 εὑρὼν
757 4348 837 4419 ξύλον
848 4351 944 4405 λεπτὸν
955 4350 1056 4420 ἔπρισε.

259 4438 320 4486 499.
338 4422 443 4475 Nonnus
452 4421 490 4474 ad
497 4421 603 4489 Cregar.
614 4423 647 4485 56
656 4420 747 4475 Λίνδος
760 4422 836 4477 πόλις
847 4421 945 4477 παλαιὰ
957 4423 1002 4490 τῆς
1012 4419 1111 4475 ‘Plias'
1131 4419 1158 4473 ἐν
1169 4417 1249 4487 ταύτῃ
1261 4423 1299 4493 τῷ
1315 4424 1385 4494 ἱερεῖ

220 4492 256 4562 τῷ
268 4489 354 4545 θύοντι
368 4492 408 4544 καὶ
421 4489 565 4562 θαινωμένῳ
582 4492 627 4545 τὸν
637 4494 711 4559 βοῦν,
724 4492 749 4543 ol
761 4490 865 4550 θύοντες
882 4514 944 4560 carp
962 4498 1027 4546 ὣντα
1045 4494 1086 4546 καὶ
1104 4491 1317 4561 διελοιδοροῦντο
1338 4499 1383 4552 καὶ

222 4560 328 4633 ὕβριζον
338 4559 427 4632 ὕβρεις
439 4561 488 4630 οὐχ
500 4560 584 4617 ὁσίας.
663 4561 825 4619 sacrificiiG
908 4515 1093 4619 inMrentesC
1104 4564 1170 4618 Ask.
1253 4567 1382 4635 propha-
