3038 4988
540 390 886 452 connnnmmvs.
1050 460 1054 465 ,
1225 395 1283 450 125

130 555 261 605 uulnere
283 567 340 605 suo
364 568 429 605 non
452 552 533 604 fidos
554 549 647 603 socios
667 549 785 618 experiri
807 549 944 603 dicendus
964 559 1031 604 erat.
1075 549 1120 603 An
1143 567 1193 618 per
1206 550 1283 619 fidos

131 623 270 691 significat
282 622 411 677 πιστοῦςέ
429 638 485 691 quo
498 620 612 674 nomine
626 621 654 674 in
665 620 818 688 Thessalis,
829 638 947 690 quorum
961 630 1028 674 nota
1041 620 1159 690 perfidia
1173 619 1282 688 (ἄπιστα

131 696 277 747 Θεσσαλῶν
290 695 356 746 Eur.
367 693 399 746 fr.
409 693 461 758 426
473 692 595 759 Nauck),
608 692 712 745 Aleuas
723 691 897 745 consiliarios
911 709 977 745 suos
990 692 1133 745 ueletiam
1147 691 1281 745 satellites

132 762 316 834 (δορυφόρους)
329 774 479 817 uocaturus
493 773 559 816 erat
599 759 1113 832 11116111.ι1γθοικησειιησαιτω
1104 760 1263 829 πληθει
1231 782 1283 814 των

130 834 290 922 δορυφόρων.
325 856 380 888 τοις
404 835 432 886 δέ
430 834 670 924 πιστοτέροις
679 833 707 886 έν
728 836 763 903 τῷ
789 833 965 922 σμικροτέρῳ
974 835 1060 902 τροχῶ
1085 835 1126 886 καὶ
1149 833 1214 900 πρὸς
1237 835 1283 898 τῆς

129 904 293 973 ἀκροπόλεως
310 902 443 972 palaest
428 926 481 957 οντι
501 903 670 957 διετέτακτο’
659 925 672 968 η
685 885 798 972 φροὺρά·
816 925 870 958 τοις
887 904 914 956 δέ
930 904 1031 956 πάντων
1046 885 1202 971 διαφέρουσι
1217 904 1283 972 πρὸς

87 1010 90 1015 -
130 976 238 1029 πίστιν
250 976 321 1030 έντὸς
333 978 377 1041 τῆς
389 975 552 1043 ἀκροπόλεως
560 975 620 1042 περὶ
629 973 688 1028 τοὺς
697 973 863 1038 βασιλέας’
835 972 926 1028 αυτοὺς
938 971 1005 1041 ἦσαν
1017 973 1128 1042 οικίγσεις
1141 973 1280 1042 δεδομέναι.

129 1048 199 1100 325.
217 1049 323 1110 thue
341 1047 446 1108 †Milo.
486 1047 598 1098 Incerta
612 1044 658 1098 hic
672 1044 774 1099 omnia.
813 1044 843 1098 Si
857 1062 922 1098 uere
935 1053 1070 1113 scripum
1084 1055 1126 1098 est
1139 1061 1167 1097 in
1185 1044 1282 1113 pleris-

59 1138 64 1142 ’
130 1133 184 1186 que
205 1118 281 1170 MSS
301 1118 379 1184 Pisa,
398 1115 490 1185 possis
509 1116 544 1169 de
565 1116 737 1169 Pantaleone
758 1114 943 1184 interpretari,
962 1114 1082 1184 legendo
1106 1116 1141 1168 Vt
1157 1116 1282 1168 Pntnlnn

131 1187 246 1255 (Merk.)
260 1188 314 1255 uel,
328 1188 404 1257 quod
422 1187 483 1256 ipse
496 1185 612 1253 conieci,
631 1187 666 1240 Vt
681 1187 795 1240 Pteleon
809 1187 851 1254 (T
847 1185 942 1254 eleon),
956 1186 990 1240 cf.
1004 1187 1134 1255 Apollod.
1149 1185 1186 1240 iii.
1203 1199 1242 1254 15,
1260 1201 1280 1240 1.

131 1259 295 1326 Pantaleon,
308 1276 356 1311 rex
370 1257 460 1325 Pisae,
471 1257 527 1310 dux
540 1274 654 1310 suorum
667 1267 766 1310 contra
778 1258 864 1310 Eleos
874 1257 948 1310 bello
964 1257 1142 1310 Messeniaco
1156 1257 1281 1310 secundo

131 1340 192 1383 13..c
212 1329 263 1395 672
284 1329 389 1398 (Strab.
409 1326 481 1396 362),
501 1338 601 1396 postea
619 1328 663 1381 Ol.
683 1343 725 1408 34,
746 1339 807 1382 11Ηο
827 1328 887 1395 644,
909 1328 1039 1380 ludorum
1059 1327 1281 1409 Olympicorum,

131 1399 284 1454 exturbatis
304 1399 390 1466 Eleis,
408 1399 565 1453 celebrator
578 1397 672 1465 (Paos.
686 1398 721 1453 vi.
735 1413 777 1452 22.
792 1398 819 1466 2)
832 1399 869 1452 ab
890 1398 1041 1452 Heraclide
1062 1398 1180 1452 Pontico
1199 1398 1231 1452 lr
1245 1398 1281 1453 vi.

129 1470 231 1524 dicitur
249 1471 375 1538 ὑβριστὴς
396 1471 437 1522 καὶ
457 1471 579 1561 χρλεπός.
610 1467 685 1523 ουτος
705 1469 830 1538 πρέσβεις
850 1470 915 1538 πρὸς
936 1469 1012 1522 αὑτὸν
1030 1469 1184 1523 έλθόντας’
1171 1471 1282 1537 εκτεμὼν

129 1537 258 1622 ἠνάγκασε
271 1539 604 1621 καταφαγεῑντοὺςόρχεις.
638 1539 679 1594 Cf.
694 1540 775 1594 Paus.
790 1540 824 1594 vi.
839 1555 881 1594 21.
898 1555 920 1607 1,
934 1540 1072 1594 Pauluss.
1083 1558 1107 1593 u.
1122 1541 1281 1595 Pisattfflem

132 1613 190 1665 Sed
209 1611 255 1664 hic
274 1629 332 1665 non
351 1611 378 1664 ui
398 1611 476 1679 obiit,
489 1610 592 1665 Athen
606 1610 668 1664 616.
705 1612 805 1680 ltaque
818 1611 854 1665 de
868 1580 989 1664 Etiusca
1003 1610 1068 1663 Pisa
1081 1610 1174 1679 potius
1186 1611 1280 1664 locum

129 1682 299 1763 explicarim.
339 1685 416 1736 Nam
435 1692 463 1736 et
482 1680 594 1735 Etrusci
614 1681 724 1749 tyranni
744 1691 1000 1735 commemorantur
1014 1681 1169 1734 Mezentius
1184 1683 1281 1750 Gyges

129 1753 185 1820 alii,
194 1763 221 1807 et
235 1770 328 1806 amam
326 1754 419 1806 nttne
426 1754 542 1822 pam'ter
551 1770 585 1806 nc
596 1754 697 1805 mortes
708 1758 826 1806 tortores
838 1752 968 1805 dicuntur
980 1769 998 1805 a
1010 1753 1072 1806 Val.
1088 1752 1184 1806 Max.'
1178 1770 1211 1805 111.
1222 1768 1246 1806 2.
1255 1767 1280 1821 9,

129 1834 157 1877 et
170 1823 233 1893 ipsa
245 1841 299 1878 uox
312 1825 431 1893 tyranni
441 1841 459 1877 a
472 1824 500 1876 T
489 1823 626 1904 yrrlzem's
638 1824 723 1877 ducta
734 1823 854 1877 habetur
868 1825 913 1876 Et.
925 1822 998 1876 Gud.
1011 1835 1069 1890 537,
1083 1823 1117 1876 cf.
1131 1825 1169 1877 Et
1158 1832 1226 1891 t.ym
1239 1825 1278 1877 M.

130 1907 198 1961 771;
217 1904 245 1948 et
257 1895 368 1963 Agylla,
382 1895 448 1948 urbs
463 1893 603 1962 Mezentii,
617 1911 681 1947 cum
698 1893 763 1947 Pisa
782 1893 960 1960 coniungitur
972 1911 989 1946 a
1003 1895 1188 1962 Lycophrone
1204 1909 1279 1960 1241.

129 1965 202 2019 Vide
216 1958 380 2019 Excursum.
453 1968 522 2019 326.
541 1969 680 2019 occultas
698 1981 796 2028 aquas
814 1964 939 2033 plerique
953 1965 989 2018 ad
982 1965 1144 2056 Alpheum
1156 1965 1279 2019 referunt

129 2036 176 2105 qui
199 2036 312 2106 saepius
334 2036 419 2090 subt
408 2045 483 2090 terra
504 2035 639 2104 mergitur
659 2035 762 2104 (Strab.
783 2050 842 2102 343,
867 2037 949 2088 Paus.
963 2034 1017 2088 viii.
1035 2047 1075 2102 54.
1090 2037 1138 2087 26
1157 2031 1281 2105 Ἀλφεῖος

129 2107 225 2187 ἀφανίζ
210 2107 298 2171 ζεσθαι
311 2107 374 2160 κατὰ
387 2108 432 2176 γῆς
444 2106 529 2159 έθέλει
546 2107 672 2160 πολλάκις
687 2127 728 2158 και
719 2104 816 2160 αὖθις
828 2105 1035 2174 ἀναφαίνεσθαι).
1074 2107 1171 2160 Potest
1183 2117 1280 2160 tamen

130 2177 165 2230 de
185 2178 306 2258 cisterna
319 2177 375 2231 dici
396 2179 441 2230 uel
461 2194 535 2246 aqua
554 2178 606 2230 sub
625 2187 728 2232 terram
742 2194 797 2268 per
816 2186 905 2230 artem
924 2177 1055 2230 ductat
1026 2185 1055 2230 at
1057 2193 1110 2245 que
1131 2194 1164 2230 oc
1166 2178 1279 2232 cultata.

130 2249 262 2316 Polyaen.
276 2247 311 2313 vj.
329 2264 358 2315 13
377 2249 488 2315 κρυπτὸν
505 2247 677 2316 ὑπόνομον
649 2270 725 2317 ευρον
738 2249 833 2318 ἄγοντα
852 2249 1001 2316 ναματιαῖον
1016 2245 1085 2316 ὕδωρ
1103 2246 1180 2329 πολύ.
1217 2250 1279 2304 Val.

131 2319 242 2372 Marc
217 2337 253 2373 v1.
264 2335 288 2386 3.
300 2319 369 2372 1fin.
380 2319 413 2373 de
422 2319 518 2372 robore
524 2320 727 2401 prneczpztntos
736 2319 875 2388 quosdam
885 2317 1002 2386 dicit,t
972 2326 1002 2371 ut
998 2334 1115 2403 opinor
1125 2336 1153 2371 111
1163 2330 1280 2388 puteum

128 2390 173 2442 uel
192 2389 351 2444 cisternam.
391 2389 561 2443 Huiusmodi
579 2407 716 2477 aquarum
732 2391 910 2477 receptacula
927 2387 1059 2478 γεργύρας
1072 2389 1132 2443 siue
1151 2389 1281 2460 γοργύρης

129 2460 230 2513 Graeci
244 2461 393 2514 uocabant
420 2463 545 2528 Hesych.
553 2459 677 2552 γοργὺρα·
693 2461 820 2529 ὑπόνομος
833 2458 908 2512 δι’
878 2482 907 2512 ov
917 2482 949 2514 τα
939 2458 1038 2513 υδατα
1047 2458 1157 2527 υπεξηει
1184 2463 1279 2529 Etym.

130 2532 170 2584 M
178 2530 496 2602 γόργυρονδεσμωτὴριον.
510 2553 625 2602 γοργυρα
614 2530 942 2600 ὑπόνομοςβορβορώδης.
977 2534 1046 2587 327.
1059 2535 1280 2596 Aphidantum

127 2604 313 2666 Phylaoesia
328 2618 426 2683 regna
442 2608 601 2656 tenentem
619 2604 780 2670 Lycaonem
797 2619 893 2670 regem
906 2604 1027 2670 Tegeae,
1041 2601 1087 2671 qui
1102 2620 1165 2656 cum
1180 2604 1279 2657 Iouem

127 2672 269 2754 hospitem
280 2673 446 2754 accepisset,
455 2672 575 2726 Arcadis
585 2673 732 2726 cuiusdam
742 2672 830 2726 filium
840 2672 975 2741 iugulauit
988 2682 1015 2726 et
1028 2673 1110 2726 huius
1124 2673 1278 2728 uisceribus

128 2741 236 2796 deum
229 2743 375 2797 inuitauit:
396 2761 482 2824 quam
494 2745 603 2797 obrem
621 2744 747 2825 luppiter
762 2761 892 2797 mensam
908 2743 1016 2810 euertit,
1036 2745 1196 2810 Lycaonem
1214 2761 1279 2799 cum

128 2813 191 2866 filus
204 2814 320 2868 fulmine
333 2814 451 2869 necaurt
483 2815 644 2884 Apollod
628 2815 664 2868 ni.
679 2817 703 2869 8.
721 2831 742 2882 1,
755 2815 912 2884 eademque
928 2815 986 2868 fere
988 2783 1075 2904 Hyg
1090 2815 1147 2880 176.
1177 2819 1279 2880 Aphi-

128 2887 260 2939 dantum
282 2882 463 2954 Ἀφειδάντων
479 2888 561 2940 Paus.
580 2885 635 2939 viii.
649 2885 702 2954 4“5.
724 2901 734 2938 1
761 2887 884 2955 Τεγεᾶται
906 2884 967 2936 δὲ’
953 2885 996 2938 επὶ
1016 2885 1064 2953 μὲν
1084 2885 1211 2953 Τεγεάτου
1232 2891 1279 2940 τοῦ

127 2957 255 3010 Λυκάονος
272 2958 302 3024 τῇ
323 2958 431 3048 χ’ώρᾳ
412 2957 525 3022 φασ1ν’
511 2955 553 3010 στ’
566 2957 644 3009 αὐτοῦ
662 2954 783 3027 γενέσθαι
801 2957 864 3023 μόνῃ
879 2978 908 3008 το
899 2953 1121 3023 όνομα,τοιςδέ
1136 2956 1280 3026 ἀνθρώποις

127 3026 190 3078 κατὰ
212 3025 306 3095 dppovs
324 3048 386 3080 ειναι
405 3027 451 3082 τὰς
468 3027 588 3095 οἰκήσεις,
591 2980 735 3117 Γαρεάτας
754 3028 794 3079 καὶ
812 3028 959 3080 Φυλακεῖς
978 3028 1018 3078 καὶ
1039 3027 1173 3094 Καρυάτας
1191 3049 1218 3079 τε
1237 3032 1278 3082 καὶ

125 3097 290 3184 Κορυθεῖς,
277 3119 315 3150 ετι
336 3098 365 3150 δέ
386 3096 539 3183 Πωταχίδας
560 3099 600 3150 καὶ
619 3098 712 3152 Οἰάτας
734 3096 876 3166 Μανθυρεις
896 3118 924 3149 τε
946 3097 986 3149 καὶ
1005 3095 1200 3165 ’llyevriders'¹
1187 3098 1228 3150 επὶ
1250 3099 1278 3153 δὲ

125 3164 327 3248 'Aper'domoc
338 3166 525 3232 βασιλεύοντος
538 3170 578 3221 καὶ
590 3170 679 3222 ἔνατός
696 3170 777 3237 σφισι
794 3167 873 3254 δῆμος
884 3167 1057 3254 προσεγένετο
1067 3166 1276 3253 Ἀφείδαντες.

127 3237 182 3292 viii.
196 3253 255 3304 4..2
271 3238 457 3325 Αφειδαςδε
469 3240 565 3309 Τεγέαν
577 3261 618 3291 και
630 3261 676 3305 την
686 3259 805 3307 προσεχη
819 3259 910 3303 ταυτας
922 3237 1057 3306 ελαχεν
1045 3260 1087 3291 επι
1100 3260 1182 3328 τουτω
1195 3239 1222 3290 δε
1236 3261 1277 3293 και

126 3310 363 3376 ποιηταὶκαλοῦσιν
375 3306 908 3397 ΑφειδάντειονκλῆροντὴνΤεγέαν.
920 3310 980 3400 Ap
991 3307 1050 3362 R.i.
1065 3309 1121 3362 162.
1141 3291 1277 3378 ΟίΤεγέην

126 3379 167 3431 καὶ
185 3381 280 3448 κλῆρον
292 3378 512 3466 Ἀφειδάντειον”
497 3402 581 3433 εναιον
599 3377 1277 3450 11111801101ἈφείδαςὁἈρκάδος,ἀρχαῖοςῆρως,

126 3449 284 3511 ἐβασιλευσε
296 3449 396 3520 Τεγέας.
430 3452 470 3505 Cf.
487 3451 622 3505 Meinekii
635 3453 716 3504 Anal.
731 3451 809 3504 Alex.
822 3467 848 3519 p
862 3450 919 3504 160.
951 3450 1058 3504 Nescio
1066 3460 1161 3504 tamen
1172 3469 1208 3504 an
1219 3469 1276 3506 non

126 3531 249 3588 praestet
258 3520 409 3575 Phialesrn.
440 3521 590 3575 Phialus
568 3539 628 3576 siue
638 3521 770 3602 Phigalus
783 3531 831 3575 aut
841 3520 980 3589 Lycaonis
994 3521 1066 3574 filius
1079 3532 1127 3574 aut
1135 3523 1276 3579 Arcadiae

126 3592 300 3645 autochthon
325 3592 439 3646 habitus
465 3601 508 3646 est
529 3595 610 3647 Paus.
635 3592 690 3646 viii.
713 3607 754 3660 39.
776 3607 799 3646 2.
844 3593 1036 3646 Adimantum
1059 3597 1144 3656 quod
1168 3594 1275 3648 habent

126 3661 251 3732 plerique
270 3662 382 3716 codices
404 3681 422 3716 a
440 3663 517 3716 nullo
537 3663 605 3716 dum
625 3663 793 3753 explicatum
813 3672 864 3717 est
972 3665 1040 3716 329.
1059 3667 1275 3721 Amastriacis.

125 3733 264 3787 Amastris
277 3734 344 3787 urbs
358 3733 447 3787 Ponti.
464 3734 556 3788 Strab.
577 3747 627 3802 544
635 3731 811 3802 ''Apaorprr‘
799 3737 930 3821 αμώνυμος
945 3735 989 3800 τῆς
1007 3736 1172 3804 συνῳκικυίας
1190 3737 1275 3790 πόλις

118 3801 302 3893 ἵδρυταιδΗ
288 3804 330 3857 επὶ
350 3803 516 3874 Χεῤῥονὴσου
538 3805 675 3872 λιμένας”
661 3826 761 3874 έχουσα
784 3809 830 3858 τοῦ
849 3805 945 3872 ἰσθμοῦ
967 3786 1129 3892 ἑκατέρωθεν·
1166 3804 1275 3874 ἦνδὴ

118 3870 334 3943 Ἀμαστριςγυνι)
342 3876 389 3944 μὲν
399 3875 538 3928 Διονυσίου
550 3898 595 3928 του
584 3874 758 3945 Ἡρακλείας
769 3876 901 3944 τυράννου,
912 3875 1028 3956 θυγστηρ
1034 3873 1097 3928 δ
1077 3875 1219 3945 Οξυάθραυ,
1229 3881 1275 3929 τοῦ

126 3944 364 4015 Δαρείουάδελφοῦ
377 3967 424 3999 του
436 3967 499 3998 κατα
511 3945 694 4014 Ἀλέξανδρον
741 3950 884 4000 Lenaeus
898 3945 959 4026 quis
973 3945 1008 3998 sit
1021 3945 1168 4000 incertum
1206 3949 1274 4000 Non

124 4025 218 4084 potest
248 4033 311 4070 esse
336 4006 492 4097 Dionysias
520 4026 655 4085 tyrannus
682 4018 847 4083 Heracleae,
873 4016 989 4069 maritus
1014 4017 1162 4097 Amastris,
1188 4033 1273 4085 quern

126 4088 264 4166 Memnon
283 4104 328 4155 ap
347 4087 479 4140 Photium
498 4088 554 4141 lr'
548 4106 583 4142 rv.
603 4087 731 4141 Muelleri
749 4089 795 4140 Fr.
815 4086 890 4140 Hist.
908 4087 1029 4140 Graec.
1022 4086 1060 4140 111
1076 4104 1102 4155 p.
1119 4100 1169 4155 529
1187 4088 1273 4142 tradit

124 4155 279 4225 imperasse
299 4156 380 4210 annis
398 4173 440 4226 30,
458 4159 531 4211 adeo
550 4159 714 4212 adamatum
727 4175 744 4210 a
763 4157 820 4210 suis
839 4167 869 4210 ut
882 4159 1001 4225 Χρηστὸς
1013 4167 1179 4223 uocaretur;
1200 4159 1272 4212 adeo

125 4237 220 4280 autem
239 4227 373 4298 pinguem
392 4238 422 4281 ut
443 4247 477 4282 ex
497 4230 625 4297 lethargo
644 4228 758 4281 aciculis
777 4227 891 4282 excitari
913 4227 1011 4281 solitus
1027 4227 1071 4281 sit
1109 4199 1273 4282 Burinanno

124 4297 217 4367 potius
231 4298 387 4367 adstipulor
399 4299 585 4367 intelligit
531 4300 585 4352 Mit
587 4298 716 4352 hridaten
728 4301 866 4367 Magnum
878 4315 974 4378 regem
988 4297 1079 4365 Ponti,
1090 4298 1137 4367 qui
1148 4301 1274 4354 Διόνυσος

125 4369 341 4437 cognominatus
367 4378 410 4424 est
437 4371 522 4440 (App.
546 4369 858 4437 Mithr.10,113),ab
884 4367 1017 4422 Asiaticis
1042 4378 1137 4423 autem
1157 4370 1273 4424 Enm'ns

124 4440 232 4508 Nysms
240 4440 369 4494 Bacchus
377 4441 463 4493 Lzber
472 4442 636 4494 nomenatus
649 4439 718 4507 (Cic
730 4441 806 4494 Flac.
816 4459 875 4493 xxv,
887 4437 942 4505 60).
964 4439 1271 4510 Hicnmnsoexercitu,

123 4526 209 4580 regno
228 4512 362 4582 expulsus
381 4517 475 4565 tamen
494 4528 526 4565 m
547 4513 658 4566 ultimis
676 4513 761 4565 terris
780 4513 814 4565 ab
834 4512 943 4564 mnictn
963 4510 1012 4564 Cn.
1032 4513 1162 4582 Pompeii
1185 4530 1273 4566 mann
