3038 4988
145 385 202 440 124
554 378 902 440 COMMENTARIVS.

143 551 176 587 ac
201 533 268 587 uino
293 534 459 603 absumptus
485 543 528 588 est
551 535 634 603 (Plut.
615 537 741 589 t.Dem
770 545 801 602 52
827 532 885 600 fin)
1036 535 1101 587 319.
1127 535 1304 587 Atarnites.

142 603 303 672 Ἀταρνείτης
317 605 424 659 Callim
440 606 514 674 Ep'
508 624 524 658 1.
542 622 604 659 rex
620 608 746 660 Atarneo
765 604 883 672 Mysiae.
923 603 1061 658 Herodi.
1079 604 1129 656 160
1148 608 1195 655 τοῦ
1207 601 1303 665 Αταρ-

143 677 200 729 νέος
218 674 310 729 τούτου
328 677 387 728 ε’στὶ
405 681 490 745 χῶρος
507 677 552 742 τῆς
570 677 671 743 Μυσίης
690 675 828 740 Λέσβου’
814 676 905 729 οντίος,
945 675 1037 728 Schol.
1052 684 1080 728 et
1097 674 1228 743 plerique
1244 674 1301 727 dici

143 747 260 800 credunt
288 746 451 815 Hermian,*
477 747 594 800 Atarnei
620 757 647 800 et
672 746 737 799 Assi
762 757 921 814 tyrannum,
947 746 1103 826 aequalem·
1121 755 1149 798 et
1174 744 1302 798 amicum

142 816 310 885 AristoteliS,
333 816 380 886 qui
406 817 482 886 apud
504 835 569 871 eum
595 817 623 870 in
645 819 771 871 Atarneo
796 826 986 870 commoratus
1012 825 1054 869 est
1080 815 1198 884 eiusque
1222 815 1301 868 duxit

127 886 229 974 ,tiliam
248 887 308 941 siue
328 888 472 967 ἀδελφιδῆν
491 887 639 956 Pythiada.
679 887 774 968 (Diog.
797 889 826 941 L.
846 906 871 941 v.
891 902 916 955 3,
937 887 1029 951 Strab
1049 886 1110 973 610,
1132 885 1211 940 Suid.
1232 903 1254 940 S.
1274 904 1300 940 u

142 955 325 1046 ’ρλριστοτέλης
340 968 368 1012 et
381 956 504 1043 Ἐρμίας.)
543 961 588 1013 De
607 969 697 1012 morte
716 959 776 1011 eius
797 958 883 1013 Diod.
897 957 951 1011 xvi.
968 970 1009 1025 52.
1023 972 1038 1009 2
1051 955 1300 1042 Ἐστρατεύσατοδ’

142 1027 184 1080 ε’πὶ
196 1033 299 1096 πρῶτον
306 1027 413 1097 Ἑρμίαν
421 1031 467 1082 τὸν
476 1027 617 1097 Αταρνὲων
626 1028 747 1116 τύραννον
757 1028 922 1098 ἀφεστηκότα
934 1050 980 1081 του
969 1026 1124 1087 βασιλέως
1137 1048 1178 1079 και
1169 1029 1301 1080 πολλῶν

142 1098 315 1189 ὀχυρωμάτων
340 1100 380 1152 καὶ
404 1101 505 1153 πόλεων
529 1099 682 1169 κυριεύοντα.
727 1097 962 1168 Ἐπαγγειλάμενος
986 1098 1015 1150 δὲ
1038 1098 1117 1170 αὐτῷ
1131 1098 1234 1152 πείσειν
1255 1099 1301 1151 τὸν

141 1169 256 1232 βασιλέα
269 1171 368 1223 καὶτῶν
378 1170 544 1239 ἐγκλημάτων
556 1171 696 1238 ἀπολῦσαι,
707 1170 867 1236 συνῆλθεν’
845 1191 880 1223 εις
893 1171 988 1250 λόγους
1001 1170 1041 1221 καὶ
1053 1165 1302 1238 παρακρουσάμενος

142 1240 219 1291 αὐτὸν
238 1240 373 1293 συνέλαβε.
413 1241 501 1295 Paulo
523 1241 604 1295 aliter
624 1241 725 1294 Strabo
744 1241 798 1294 610
816 1240 862 1309 qui
883 1240 950 1294 dicit
969 1258 986 1293 a
1007 1242 1162 1293 Memnone
1184 1239 1299 1292 Rhodio

143 1309 237 1390 specie
256 1310 397 1365 amicitiae
417 1311 566 1365 inuitatum
585 1311 623 1365 ibi
643 1321 802 1380 correptum
822 1311 908 1364 fuisse
928 1320 955 1364 et
974 1311 1012 1363 ad
1030 1327 1126 1378 regem
1147 1311 1300 1363 Persarum

142 1380 261 1433 missum
285 1382 438 1450 suspendio
463 1382 569 1451 perisse
596 1382 677 1451 (κάκεῖ
705 1382 856 1462 κρεμασθεὶς
880 1381 1029 1447 ἀπώλετο);
1065 1379 1144 1461 cuius
1168 1380 1300 1434 meminit

141 1451 307 1505 Aristoteles
323 1452 460 1507 Οοοοα.Ν
443 1471 470 1506 11.
485 1468 519 1521 29
531 1464 559 1506 et
573 1452 601 1505 in
615 1453 687 1522 epig.
701 1470 745 1521 ap.
762 1452 844 1520 Diog
860 1453 889 1505 L.
904 1470 929 1505 ν.
943 1452 960 1505 6
977 1461 1087 1505 statuae
1101 1450 1161 1504 eius
1176 1451 1300 1521 Delphis

142 1521 282 1591 insculpto
294 1525 374 1575 Τόνδε
386 1545 436 1576 ποτ
456 1524 504 1593 οὐχ
523 1524 601 1578 ὁσιως
612 1525 731 1590 παραβὰς
742 1524 862 1591 μακάρων
875 1523 947 1590 θέμιν
959 1519 1057 1610 aymo*
1058 1530 1174 1574 Εκτεινεν
1187 1527 1300 1590 Περσῶν

141 1593 296 1681 τοξοφόρων
304 1593 438 1660 βασιλεύς,
449 1595 486 1647 Οὐ
496 1596 614 1664 φανερῶς
626 1596 712 1663 λόγχη
722 1594 849 1662 φονίοις’
835 1616 863 1647 εν
875 1593 958 1664 άγῶσι
973 1591 1109 1661 κρατήσας,
1119 1590 1195 1644 Ἀ’λλ
1206 1592 1301 1661 ἀνδρὸς

141 1663 228 1716 πίστει
253 1666 417 1732 χρησάμενος
442 1664 540 1717 δαλίον.
579 1666 711 1719 Eundem
734 1664 873 1718 Hermian
894 1664 1000 1744 hymno
1022 1664 1067 1717 uel
1092 1679 1203 1732 paeane
1226 1665 1299 1717 cele-

141 1734 233 1789 brauit
247 1733 432 1789 Aristoteles
434 1736 517 1804 Αρετὰ
534 1734 730 1816 πολύμοχθε
699 1757 767 1805 γενει
779 1734 918 1806 βροτείῳ,
912 1752 940 1787 111
953 1751 1009 1804 quo
1021 1732 1158 1802 Ἀταρνεος
1170 1734 1300 1804 ἔντροφος

142 1805 252 1871 dicitur,
271 1816 355 1875 atque
374 1806 460 1860 etiam
479 1805 616 1859 sacrificio
635 1807 727 1860 colere
746 1805 869 1859 creditus
887 1816 930 1859 est
949 1806 1053 1859 Athen
1066 1805 1134 1872 697:
1153 1822 1241 1873 quam
1260 1805 1299 1858 ob

141 1892 202 1929 rem
225 1875 377 1945 impietatis
400 1876 576 1930 insimulatus
597 1887 639 1930 est
661 1894 679 1930 a
700 1876 878 1945 Demophilo.
916 1875 989 1929 Vide
1009 1875 1109 1943 Bergk.
1132 1876 1212 1928 Poet
1234 1877 1299 1944 Lyr.

141 1963 187 2015 pp
202 1947 262 2014 664,
276 1948 337 2015 676,
353 1949 479 2001 Hermen
493 1965 519 2001 a.
536 1949 652 2016 1879,p.
665 1948 725 2015 469
765 1947 822 2000 Sed
842 1964 906 2001 cum
920 1946 1059 1999 Hermian
1078 1946 1204 1999 insutum
1221 1947 1299 2000 ferae

141 2018 214 2085 pelle
236 2034 320 2070 nemo
340 2019 441 2085 tradat,
466 2020 551 2072 Ianus
575 2019 740 2072 Parrhasius
762 2019 855 2071 locum
878 2018 913 2071 de
934 2019 1040 2084 Pactya
1063 2016 1143 2084 Lydo
1165 2016 1299 2085 intelligit
1332 2065 1341 2083 ,

142 2104 226 2156 quem
241 2088 333 2142 Persis
346 2089 508 2156 εξέδοσαν“
484 2111 508 2140 οι
520 2089 604 2142 Χιοι
591 2110 633 2141 επι
645 2109 681 2158 τω
693 2086 811 2158 Ἀταρνέϊ
821 2088 907 2158 μισθῷ
922 2086 1050 2141 Herod.
1043 2105 1058 2140 1.
1077 2087 1132 2141 160.
1167 2087 1208 2140 Cf.
1226 2088 1299 2141 Plut.

142 2158 178 2211 de
199 2160 304 2212 Herod.
326 2160 442 2228 Malign.
456 2175 499 2214 20.
535 2161 573 2213 At
575 2177 767 2245 ‚quamquam
783 2159 926 2212 Atarnites
946 2175 1019 2227 ager
1031 2168 1094 2227 post
1112 2157 1167 2210 hoc
1186 2157 1299 2211 facinus

141 2229 217 2281 uelut
231 2229 349 2282 deuotus
363 2247 415 2283 nec
428 2231 521 2299 fruges
534 2247 586 2284 nec
601 2230 720 2298 πέμματα
739 2230 767 2283 111
787 2230 924 2283 sacrificia
942 2229 1104 2298 praebebat,
1118 2228 1165 2281 uix
1184 2239 1298 2297 poterat

141 2299 292 2357 Atarnztes
310 2317 333 2352 1s
352 2302 406 2353 dici
426 2318 504 2354 cuius
524 2301 599 2355 uitae
614 2304 755 2355 Atarneus
773 2301 894 2370 pretium
906 2300 966 2353 fuit.
1004 2298 1120 2368 Atque
1113 2315 1174 2379 ipse
1193 2300 1298 2353 Strabo

142 2369 210 2422 dicit
229 2367 305 2423 616
307 2370 468 2440 Αταρυεύς’
456 2394 512 2424 εστι
534 2374 564 2425 τὸ
585 2376 630 2425 τοῦ
650 2370 775 2438 Ερμίου
797 2392 981 2439 τυραννειον,
1003 2380 1033 2424 ut
1056 2369 1136 2439 quasi
1161 2369 1222 2423 lure
1246 2387 1299 2425 suo

141 2440 285 2494 Atarnites
304 2441 350 2493 hic
369 2441 484 2496 dicatur.
539 2447 666 2496 insutus
684 2443 746 2495 Val.
767 2441 932 2496 Maxixz.
950 2456 977 2494 11
1000 2442 1084 2494 Secut
1104 2441 1154 2494 ille
1172 2441 1298 2508 barbari,

141 2528 210 2580 quas
219 2512 325 2581 ferunt
342 2518 531 2566 mactatarum
544 2514 684 2583 pecudum
703 2515 846 2566 i'ntestzne's
856 2518 884 2565 et
896 2513 1048 2565 uisceribus
1059 2513 1170 2581 egestis
1170 2511 1299 2564 homines

141 2583 268 2649 cnserere,
281 2584 324 2635 itu
342 2589 376 2636 ut
393 2585 531 2653 capitibus
542 2585 737 2637 tantummode
748 2585 925 2637 etnineant..
937 2583 1041 2636 ‚donec
1052 2584 1131 2636 intus
1138 2583 1301 2651 putrefacte

141 2652 269 2705 laniatui
276 2654 334 2706 sent
343 2655 514 2707 animalibus
523 2673 595 2724 qnae
603 2655 746 2708 tabidum
740 2655 922 2736 οαονρονιθιιςΙ
925 2670 1000 2707 nasce
999 2650 1116 2706 'li-olent
1129 2652 1298 2721 (Micyllus.)

144 2724 323 2807 Quamquam
337 2734 446 2792 poterat
460 2725 488 2777 in
501 2727 603 2808 pellem
617 2725 657 2778 sic
675 2725 747 2778 insui
761 2736 790 2778 ut
804 2724 963 2793 Encolpion
976 2734 1003 2777 et
1018 2723 1123 2777 Gitona
1137 2724 1298 2792 Eumolpus

141 2794 255 2847 uolebat
279 2797 310 2847 in
334 2796 406 2848 duas
425 2796 514 2865 pelles
535 2798 656 2850 conicere
679 2798 840 2865 uinctosque
863 2797 933 2849 loris
956 2796 1034 2848 enter
1052 2796 1218 2847 nestzmenta
1240 2799 1298 2874 pro

141 2865 372 2918 sarcznisleabere
385 2868 498 2920 Petron.
512 2868 539 2921 S.
557 2883 612 2921 102
692 2869 762 2922 320.
781 2870 944 2920 dominum
961 2865 1091 2931 δεσπότην
1105 2881 1161 2934 quo
1180 2864 1298 2918 nomine

142 2936 357 3005 appellabantur
369 2954 449 3005 reges
464 2939 613 2991 Persarum
627 2936 796 3007 (Saluagnm)
857 2940 945 2992 321.
964 2940 1064 3000 Inque
1077 2942 1132 2990 tuo
1145 2939 1296 2990 thalamo.

141 3007 309 3087 Alexander,
323 3018 458 3076 tyrannus
472 3008 646 3063 Pherarum'
640 3025 668 3061 rn
681 3007 830 3062 Thessalia
845 3007 881 3077 (Β
888 3021 913 3062 c
928 3008 1057 3076 369-355,
1072 3006 1193 3074 Clinton,
1209 3008 1242 3060 F.
1258 3008 1297 3060 H.

143 3076 170 3130 11
185 3095 206 3130 ο.
222 3079 264 3146 15)
279 3095 343 3131 cum
357 3079 470 3133 Thebes
490 3079 583 3132 uxoris
602 3080 701 3133 fratres
721 3079 922 3164 Tisiphonuma
928 3079 1115 3148 Lycophrona
1133 3077 1298 3131 Timolaum

141 3165 243 3202 necare
257 3149 434 3217 destinasset,
450 3149 568 3218 θύβη“
542 3173 571 3203 το
589 3149 722 3217 βούλευμα
740 3151 868 3218 μαθοῦσα,
880 3152 934 3203 τοῖς
952 3172 999 3218 μεν
1011 3149 1137 3235 ἀδελφαῖς
1154 3148 1299 3217 ἐγχειρίδια

143 3218 226 3272 δοῦσα
237 3220 477 3289 παρασκευάζεσθαι
489 3222 553 3289 πρὸς
565 3243 610 3288 την
620 3221 728 3290 σφαγην
740 3221 888 3290 παρεκάλει.
906 3242 966 3292 οινῳ
979 3219 1007 3272 δὲ
1020 3219 1114 3290 πολλῷ
1122 3217 1299 3288 Αλεξανδρον

141 3291 295 3354 βαπτίσασα
314 3292 354 3344 καὶ
373 3292 553 3381 κατευνάσασο
571 3292 692 3357 ἐκπέμπει
710 3292 769 3345 τοὺς
783 3313 830 3344 του
818 3273 961 3360 θαλάμου
973 3272 1106 3379 φύλακας,
1111 3289 1276 3358 προφάσει
1262 3311 1316 3343 ως.

141 3362 262 3429 λουτροῖς
274 3361 433 3452 χρησομένη
435 3363 475 3415 καὶ
491 3362 551 3416 τοὺς
562 3361 717 3427 ἀδελφοὺς’
704 3362 746 3415 επὶ
762 3363 791 3414 τὸ
808 3362 885 3431 ἔργον
899 3362 991 3414 ἐκάλει·
1012 3383 1036 3413 οι
1029 3361 1076 3413 δὲ
1089 3359 1243 3413 άπεδειλίων
1255 3361 1299 3413 καὶ

141 3432 299 3498 μάλιστα’
272 3437 353 3484 αυτῶν
366 3435 379 3483 ὁ
393 3435 522 3486 νεώτατος.
548 3454 562 3499 η
553 3432 603 3485 ‘6⁶⁸
616 3433 686 3486 άλλα
698 3455 726 3486 τε
739 3430 956 3500 διαπειλησαμενη
970 3432 1009 3485 καὶ
1022 3432 1056 3486 ὣς
1067 3432 1111 3485 τὸν
1123 3428 1299 3500 Ἀλέξανδρον

140 3502 230 3553 αὔτικα
242 3501 356 3570 άνεγερεῖ
372 3504 413 3555 καὶ
429 3502 611 3596 καταγορεύσει
626 3505 709 3557 αὐτῶν
720 3504 765 3556 τὸν
777 3505 868 3572 φόνον,
882 3501 1026 3572 θαρρεἷν’
998 3524 1089 3557 ουτονς
1101 3501 1237 3564 εβιάσατο’
1256 3523 1299 3554 και

142 3572 487 3640 κτείνουσικοιμώμενοντὸν
496 3573 676 3643 Ἀλεξανδρον.
704 3576 810 3628 Conon.
823 3577 936 3627 Narrat.
949 3586 990 3641 50.
1038 3575 1107 3627 323.
1125 3575 1298 3627 Larisaeus

141 3644 268 3695 Aleuas
306 3643 479 3697 Buttmanno
494 3645 644 3740 (Abhandl.
659 3645 686 3699 d
700 3644 803 3699 Berlin.
817 3645 905 3698 Acad
923 3646 1036 3725 1823,p.
1051 3642 1113 3711 203)
1130 3643 1298 3698 credituris

142 3729 205 3765 esse
219 3729 303 3781 quem
317 3714 513 3768 Theocritus
497 3737 590 3768 ανακτα
604 3714 715 3768 Ἀλεύαν
728 3715 795 3769 dicit
808 3715 860 3769 xvi.
875 3730 917 3783 34,
934 3714 1093 3768 Scholiasta
1105 3730 1173 3776 uero
1185 3711 1299 3767 Ἀλεύαν

140 3785 186 3836 τὸν
198 3785 284 3850 Σίμου,
313 3783 373 3836 Hic
381 3785 485 3839 Aleuas
498 3786 623 3855 aequalis
638 3786 801 3840 Simonidae
810 3787 861 3841 fuit
874 3797 901 3840 et
915 3787 950 3839 ab
961 3803 995 3839 eo
1008 3786 1165 3838 celebratus
1179 3794 1239 3839 est:
1258 3786 1297 3839 ab

141 3854 325 3923 Euphorione
345 3865 439 3908 autem
458 3857 591 3925 peculiari
610 3857 704 3910 libello
724 3867 969 3925 commemoratus,
989 3866 1061 3910 teste
1080 3856 1165 3908 schol
1187 3856 1298 3912 Theoc.

142 3925 257 3979 Larisae
271 3926 354 4007 (Plat.
370 3928 447 3980 Men.
461 3940 502 3995 70,
516 3928 601 3982 Arist
616 3929 674 3982 Pol.
687 3947 711 3981 ν.
727 3928 750 3981 6
765 3928 807 3994 13)
821 3928 918 3981 sedem
931 3936 1084 3996 posuerunt
1096 3926 1253 3994 Aleuadae,
1266 3936 1298 3981 ut

140 3997 241 4050 horum
249 4013 398 4066 propinqui
391 3997 556 4067 Scopadae
563 3998 845 4066 Crannone,fortasse
853 4009 938 4052 etiam
948 3997 1083 4051 Pharsali
1102 3997 1233 4065 (Buttm.)
1250 3999 1298 4052 An

140 4068 196 4122 huc
209 4078 318 4138 spectat
333 4068 417 4122 Diod.
428 4088 471 4123 xv.
481 4070 524 4123 61.
533 4085 567 4122 2-
571 4071 601 4137 5?
618 4069 665 4123 ubi
679 4079 773 4122 narrat
783 4070 925 4122 Aleuadas
936 4068 1091 4135 Larisaeos,
1103 4067 1299 4122 Alexandrum

137 4140 327 4193 Pheraeumt
316 4139 465 4207 tyrannide
481 4141 622 4209 depellere
639 4142 774 4207 uolentes,
788 4140 980 4193 Alexandrum
995 4137 1184 4192 Macedoniae
1198 4156 1298 4207 regem

140 4208 170 4261 in
193 4211 320 4264 Larisam
342 4210 548 4278 introduxisse;
576 4212 738 4281 quodcum
760 4211 901 4278 fecissent,
923 4211 998 4263 hunc
1020 4210 1118 4263 urbem
1138 4225 1298 4278 occupasse

140 4292 252 4350 praeter
275 4282 428 4350 acropolin.
482 4284 508 4335 A
533 4300 589 4352 quo
614 4282 637 4336 si
662 4283 854 4336 Aleuadarum
878 4252 979 4351 aliquis
1004 4280 1167 4334 interfectus
1193 4291 1246 4348 est,
1273 4280 1298 4335 is

174 4420 188 4454 *
206 4420 319 4468 Photius'
313 4437 336 4466 m
350 4421 404 4469 Lex
418 4423 529 4469 Hermian
546 4418 630 4468 τίν’
608 4422 725 4483 ευνοῦχον
742 4419 791 4470 τὸν
809 4420 967 4484 τρίπρατον
984 4431 1060 4482 uocat,
1075 4421 1141 4468 simili
1157 4424 1297 4484 contemptu

137 4500 187 4545 quo
199 4486 294 4534 Ouidius
305 4488 360 4535 dicit
372 4491 406 4537 ad
415 4489 558 4536 dominum
571 4491 652 4550 serare
662 4498 733 4537 tuum.
