3082 4980
588 398 837 458 PRAEFATIO.
1250 417 1287 457 xv

131 561 227 636 ipsum
248 576 355 635 poema
376 558 441 633 plus
462 556 551 615 semel
570 557 734 633 legentibus
754 556 974 615 commendauit
994 557 1055 615 siue
1076 557 1116 615 ob
1135 557 1286 634 ingenium

132 671 192 731 quo
206 652 391 729 proferuntur
401 653 576 728 aenigmata,
588 653 650 711 siue
664 651 746 728 quod
760 651 935 710 obscuritate
951 669 1003 710 sua
1014 650 1096 727 quasi
1111 650 1287 726 palaestram

133 746 280 824 quandam
295 745 523 822 interpretationi
537 745 683 804 exhibeat.
719 743 858 805 Lectures
869 762 910 803 on
924 739 1137 821 Ethnography
1148 744 1176 805 ii.
1187 763 1216 822 p.
1228 759 1282 820 271

132 841 165 899 ‘I
179 840 252 899 have
274 841 342 900 here
363 838 532 899 mentioned
554 838 602 899 the
618 838 692 910 «Ibis,
708 858 749 898 on
771 849 897 899 account
919 838 952 899 ol
972 838 1028 898 this
1049 839 1196 899 historical
1218 839 1285 911 fact,

132 935 225 994 which
247 935 271 994 is
292 946 346 994 not
367 936 417 994 the
438 935 508 1013 only
529 952 587 994 one
610 935 641 993 in
664 934 727 994 that
748 952 846 1010 poem.
889 932 903 991 Ι
925 933 1115 993 recommend
1139 935 1175 992 its
1201 933 1287 1010 study
1339 971 1342 976 -

132 1039 163 1090 to
188 1048 246 1107 any
269 1029 384 1089 scholar
407 1029 474 1089 who
499 1029 603 1088 wishes
629 1040 660 1089 to
685 1030 827 1088 ascertain
848 1028 977 1088 whether
999 1029 1037 1087 he
1061 1029 1087 1086 is
1111 1027 1287 1105 thoroughly

132 1134 306 1184 conversant
321 1124 388 1184 with
403 1123 526 1200 poetical
545 1122 716 1201 mythology
730 1123 790 1182 and
809 1123 927 1182 ancient
940 1123 1058 1200 history.
1101 1122 1168 1183 One
1187 1123 1222 1181 os
1238 1123 1286 1182 the

132 1229 210 1277 most
224 1217 343 1279 difficult
357 1219 506 1294 problems
525 1218 555 1276 in
573 1218 594 1277 it
610 1218 634 1276 is
653 1228 685 1276 to
705 1218 823 1294 explain
843 1217 892 1276 the
911 1217 1067 1291 allusions;
1096 1217 1177 1276 there
1190 1217 1215 1276 is
1234 1226 1287 1275 not

132 1313 221 1372 much
242 1322 346 1390 poetry
366 1313 397 1371 in
421 1313 451 1385 it,
473 1313 563 1371 buta
585 1322 668 1389 great
689 1312 754 1371 deal
775 1312 811 1371 of
828 1309 892 1371 wit!
935 1311 1074 1371 Lectures
1097 1330 1138 1372 on
1160 1311 1287 1371 Ancient

132 1406 254 1483 History
270 1407 306 1467 iii.
321 1425 351 1484 p.
362 1425 418 1482 311
437 1407 504 1466 ‘To
519 1407 575 1465 this
589 1406 659 1465 time
673 1425 717 1466 we
732 1416 811 1465 must
824 1406 924 1482 assign
938 1405 986 1465 the
1001 1405 1178 1465 destruction
1193 1406 1230 1465 oi
1237 1405 1287 1465 the

133 1500 295 1577 sepulchral
309 1510 484 1559 monument
502 1500 538 1559 oi
553 1500 602 1559 the
620 1509 703 1576 great
717 1500 851 1577 Pyrrhus,
867 1509 898 1558 to
912 1500 1006 1558 which
1025 1499 1148 1558 allusion
1162 1500 1186 1558 is
1201 1500 1287 1559 made

133 1595 164 1652 in
177 1613 195 1652 a
209 1594 312 1654 distich
327 1593 363 1653 of
372 1594 420 1652 the
434 1594 502 1666 Ibis,
517 1593 574 1654 this
588 1595 711 1654 obscure
726 1594 944 1654 Callimachean
959 1611 1048 1670 poem
1063 1593 1098 1652 of
1108 1593 1196 1654 Ouid.
1231 1594 1287 1652 Let

133 1706 250 1765 anyone
264 1689 426 1765 imagining
440 1689 501 1747 that
520 1687 557 1747 he
576 1689 771 1748 understands
790 1689 961 1767 mythology
976 1700 1020 1766 try
1034 1689 1078 1747 his
1092 1687 1172 1748 hand
1186 1698 1216 1747 at
1230 1688 1286 1747 this

133 1800 241 1859 poem3
264 1782 279 1841 1
294 1782 333 1841 do
347 1792 400 1846 not
413 1781 523 1841 believe
541 1783 603 1842 that
624 1784 705 1842 there
724 1783 749 1842 is
768 1801 826 1859 any
840 1801 911 1841 man
929 1783 995 1842 who
1010 1783 1224 1860 comprehends
1238 1783 1286 1841 the

133 1877 227 1937 whole
242 1877 276 1936 of
286 1875 324 1937 it.'
630 1930 636 1949 ,

175 1971 312 2049 Superest
325 1980 357 2031 ut
371 1971 407 2030 de
423 1989 470 2030 me
484 1990 579 2048 pauca
594 1973 699 2046 dicam,
714 1991 773 2050 qua
789 1972 820 2031 in
837 1992 867 2032 re
885 1974 909 2032 si
928 1973 1067 2032 molestus
1081 1972 1172 2044 luero,
1187 1972 1286 2048 ignos-

133 2076 201 2126 cent
219 2066 269 2143 qui
289 2065 453 2143 philologis,
469 2076 501 2125 ut
520 2067 623 2143 poetis,
639 2069 847 2127 obtrectatores
866 2085 935 2128 suos
954 2085 1016 2125 non
1035 2068 1136 2126 deesse
1155 2067 1286 2126 animum

132 2160 327 2220 aduerterunt.
370 2159 495 2219 Possum
515 2161 602 2237 igitur
619 2161 656 2220 de
672 2180 721 2220 me
738 2179 805 2220 uere
823 2161 958 2238 profiteri,
977 2161 1007 2219 in
1026 2161 1105 2220 nulla
1123 2170 1205 2238 parte
1223 2179 1285 2220 sus-

133 2255 210 2331 cepti
228 2254 325 2331 operis
343 2271 422 2312 noua
444 2272 506 2312 non
525 2255 673 2315 adtulisse.
715 2254 794 2314 Nam
814 2265 843 2314 et
862 2255 1013 2315 codicibus
1033 2273 1099 2314 sum
1119 2255 1286 2315 melioribus

132 2367 221 2426 quam
245 2358 313 2408 ante
338 2368 386 2408 me
409 2368 479 2408 usus
503 2350 660 2426 quisquam
683 2361 734 2422 est,
758 2361 787 2410 et
810 2349 927 2409 Scholia
950 2350 1020 2408 nulli
1045 2350 1124 2426 prius
1149 2359 1199 2409 aut
1222 2349 1286 2408 uisa

132 2453 183 2502 aut
204 2443 306 2503 saltem
328 2443 455 2521 perlecta
476 2444 604 2517 adhibui,
626 2444 713 2504 etad
736 2445 1002 2520 interpretationem
1025 2444 1086 2502 siue
1107 2462 1204 2502 rerum
1225 2443 1286 2502 siue

131 2538 289 2597 uerborum
310 2556 372 2596 non
393 2557 488 2614 pauca
511 2539 548 2597 de
573 2556 641 2598 meo
664 2538 781 2610 contub,
803 2538 960 2614 praecipue
981 2555 1019 2596 ex
1039 2535 1236 2614 Lycophrone
1258 2547 1286 2597 et

132 2631 258 2691 Tzetzae
285 2633 316 2690 in
338 2651 406 2691 eum
428 2632 559 2703 Scholiis,
582 2650 641 2709 quo
671 2632 783 2691 nullum
811 2632 984 2708 locupletius
1009 2632 1099 2692 credo
1125 2631 1287 2691 subsidium

132 2738 229 2786 extare
243 2727 409 2785 uolentibus
424 2728 591 2786 obscuriora
606 2728 751 2805 persequi.
792 2726 839 2785 Ex
850 2726 1047 2804 Lycophrone
1062 2727 1149 2803 igitur
1162 2727 1287 2785 Phrene-

132 2818 287 2880 demen'teos
295 2821 382 2879 leones
392 2841 419 2880 u.
429 2825 466 2896 38
470 2841 487 2898 3
500 2824 624 2898 reposui,
634 2842 671 2881 ex
680 2822 842 2899 Apollonio
851 2821 970 2881 Rhodio
979 2821 1174 2896 Aphidantum
1182 2839 1210 2880 u.
1220 2834 1287 2897 327,

26 2955 30 2961 -
133 2934 170 2975 ex
185 2915 308 2993 Hygino
322 2925 350 2974 et
362 2915 518 2974 Parthenio
533 2915 656 2991 Teleique
668 2936 696 2975 u.
708 2936 776 2994 434,
792 2935 829 2974 ex
844 2915 979 2976 Homero
991 2916 1164 2975 Panthoides
1177 2935 1206 2977 u.
1219 2929 1287 2991 447,

134 3027 171 3066 ex
195 3008 400 3085 Etymologico
426 3009 541 3085 Magno
565 3008 761 3084 Dexionesque
788 3028 816 3067 u.
841 3022 910 3082 470,
936 3007 1018 3085 quod
1046 3009 1077 3066 in
1105 3008 1288 3068 Praelatione

134 3101 340 3179 Lycophronis
368 3102 523 3161 Kinkelius
552 3103 716 3162 coniecerat
744 3122 772 3179 p.
801 3104 836 3173 iv,
865 3122 902 3161 ex
931 3101 1113 3161 Callimacho
1141 3104 1172 3161 in
1200 3103 1290 3163 Isziiri

134 3216 162 3255 u.
180 3198 248 3256 621.
290 3197 337 3256 De
357 3197 429 3273 locis
447 3214 522 3274 quos
541 3196 715 3273 Saluagnius
735 3197 913 3273 interpretari
935 3196 1023 3255 alium
1043 3213 1130 3274 posse
1150 3206 1229 3256 ratus
1246 3208 1289 3256 est

135 3292 284 3350 neminem
297 3295 364 3365 287,
379 3310 448 3366 310,
458 3293 600 3362 621-624
616 3291 746 3351 diuinare
761 3291 863 3351 saltem
878 3289 996 3367 aliquid,
1008 3291 1033 3348 si
1047 3307 1108 3349 non
1123 3291 1288 3362 decernere,

134 3384 222 3444 licuit.
267 3383 376 3443 Sedde
391 3403 439 3442 me
460 3403 497 3443 ne
515 3384 598 3461 plura
618 3385 749 3456 dixerim,
764 3403 825 3445 non
844 3385 974 3444 inutilem
994 3402 1042 3443 me
1056 3402 1179 3460 operam
1192 3385 1289 3444 existi-

136 3479 225 3538 mabo
239 3477 412 3555 profudisse,
429 3479 453 3537 si
468 3478 505 3537 ad
520 3479 593 3538 haec
608 3479 702 3538 studia
716 3479 788 3538 alios
803 3479 989 3538 suscitauero.
1026 3478 1105 3537 Nam
1120 3479 1144 3538 si
1159 3481 1189 3537 in
1204 3478 1289 3539 Nuce

136 3571 269 3631 laudatur
277 3571 525 3645 WilamowitziuS,
539 3573 569 3632 in
583 3573 726 3650 Epicedio
742 3572 927 3646 Huebnerus,
942 3573 972 3630 in
987 3572 1159 3633 Halieuticis
1173 3574 1289 3646 Bittius,

136 3667 167 3724 in
185 3665 317 3742 Epistula
333 3666 467 3743 Sapphus
483 3667 699 3745 Comparettus,
714 3685 835 3746 possum
854 3669 925 3726 mihi
944 3667 991 3726 uel
1010 3668 1152 3727 maiorem
1173 3669 1290 3728 laudem

137 3759 278 3836 adrogare
296 3761 345 3836 qui
364 3760 401 3819 ad
415 3761 490 3832 Ibin,
499 3758 581 3837 *opus
599 3780 659 3820 non
677 3763 740 3821 leue
755 3763 828 3822 etin
843 3780 902 3839 quo
917 3762 1044 3820 maxima
1059 3763 1176 3838 ingenia
1189 3764 1290 3822 elabo-

137 3854 236 3923 rarint,
250 3853 416 3930 philologos
433 3856 537 3914 itemm
554 3857 760 3915 reuocauerim.
804 3856 873 3930 Quo
888 3867 919 3915 ut
935 3856 1082 3933 adspirare
1101 3874 1164 3916 non
1178 3875 1289 3929 uereor,

138 3949 184 4008 sic.
195 3949 319 4006 uerebor
334 3966 371 4007 ne
385 3948 548 4023 legentibus
562 3968 628 4008 mea
642 3951 704 4029 ipse
719 3951 837 4011 inferior
852 3969 903 4027 spe
918 3950 1052 4010 euadam.

179 4041 322 4117 Agendae
337 4040 462 4118 denique
483 4054 579 4119 grates
596 4054 663 4103 sunt
681 4045 722 4103 eis
740 4047 790 4121 qui
809 4046 838 4102 in
858 4044 915 4103 hoc
933 4062 1022 4120 opere
1041 4062 1089 4103 me
1107 4045 1289 4103 adiuuerunt.

138 4135 276 4212 Inprimis
290 4135 382 4194 sorori
400 4153 483 4195 meae
501 4138 610 4210 maiori,
625 4156 700 4214 quae
715 4139 870 4197 uerborum
885 4137 1017 4197 Indicem
1032 4137 1289 4214 locupletissimum

139 4339 192 4394 post
217 4331 309 4379 obitum
335 4347 447 4397 spargere,
470 4347 527 4395 quos
551 4334 616 4380 uiuos
641 4333 789 4381 uehementer
810 4333 918 4381 odissent.
963 4332 999 4380 sic
1024 4334 1103 4398 magni
1128 4333 1188 4381 illius
1210 4335 1290 4396 Pyrrhi

139 4397 246 4525 ppieacgpe
269 4399 385 4460 reliquiae,
408 4407 434 4445 ut
457 4407 480 4446 et
502 4398 602 4447 historici
626 4407 739 4446 testantur
762 4406 786 4446 et
808 4399 905 4446 Ouidius
927 4398 951 4444 in
974 4399 1039 4447 lbin.’
1080 4399 1139 4446 Vide
1161 4402 1289 4449 Desselium
