3082 4980
223 340 269 398 viii
665 336 912 400 PRAEFATIO.

224 496 261 558 ab
274 495 332 554 oris
345 513 532 575 nequaquam
546 494 625 555 Anio
639 497 804 557 conueniat.
847 497 904 556 Pro
921 496 1010 556 nihilo
1030 497 1115 574 igitur
1129 497 1222 556 estin
1236 496 1293 556 hoc
1308 496 1376 557 loco

225 589 344 649 Caecilii
357 590 473 667 Apuleii
487 590 694 650 testimonium,
929 646 933 653 .

264 685 341 761 §16.
364 685 449 744 Illius
474 683 594 764 (Pyrrhi,
621 686 697 762 regis
722 684 815 763 Epiri)
842 687 967 746 Cadmus
988 686 1163 762 sepulchrum
1184 692 1251 761 post
1270 686 1379 761 aliquot

224 799 312 839 annos
325 779 510 856 Epirotarum
524 781 655 857 princeps
676 783 707 839 in
727 783 830 839 cineres
848 799 959 839 uersum
977 781 1129 856 dissipauit
1145 787 1225 856 atque
1240 780 1376 855 dispersit,

224 876 306 932 utin
326 873 538 950 antiquitatibus
559 873 732 951 lycophron,
754 874 901 947 Musaeus,
927 873 1049 951 Crispus
1072 883 1099 934 et
1117 873 1199 934 Naso
1221 875 1375 951 prodidere,

228 968 282 1027 Cn.
299 967 468 1028 Camertum
482 971 513 1026 in
529 967 630 1028 Troiae
642 971 759 1029 excidio.
776 1015 782 1029 .
799 1014 806 1029 .

266 1062 407 1138 Respexit
420 1062 464 1122 lb.
480 1082 548 1138 303,
565 1082 590 1136 4,
608 1082 683 1141 quos
702 1082 803 1125 uersus
824 1065 912 1124 etiam
927 1064 960 1122 B.
977 1063 1013 1123 G.
1030 1064 1207 1123 Niebuhrius
1222 1062 1376 1143 (Lectures

225 1175 266 1216 on
287 1157 413 1218 Ancient
438 1157 560 1234 History
580 1159 609 1216 iii
633 1177 662 1234 p.
685 1158 757 1239 311)
780 1158 817 1218 de
842 1158 944 1236 Pyrrhi
969 1158 1074 1234 Magni
1099 1157 1195 1218 diruto
1221 1158 1376 1235 sepulchro

226 1251 428 1327 interpretatus
442 1260 493 1312 est.
535 1251 619 1312 Paus.
635 1253 653 1312 i.
669 1273 696 1330 9.
713 1273 730 1330 9
747 1256 897 1326 Λυσίμαχος
914 1254 942 1309 δὲ
959 1255 1173 1325 saltandique
1191 1255 1255 1328 πρὸς
1274 1253 1378 1326 Hippou

226 1346 334 1416 κατέστη
348 1347 394 1402 τὸν
406 1347 534 1405 Alaetbov.
564 1348 684 1420 φυλάξας
697 1349 726 1403 δὲ
740 1349 769 1418 ἐξ
782 1347 907 1421 Ἠπείρου
918 1347 1032 1419 ἀπιόντα,
1043 1344 1084 1403 οἶα
1095 1347 1125 1418 δὴ
1139 1348 1268 1404 τὰπολλὰ
1283 1348 1378 1405 ἐκεῖνος

225 1441 362 1510 ἐπλανᾶτο,
387 1440 433 1511 τήν
453 1463 482 1496 τε
503 1440 588 1511 ἄλλην
611 1441 786 1513 ε’λεηλᾶτησεν
800 1441 929 1515 Ἤπειρον
951 1443 991 1496 καὶ
1014 1442 1057 1498 ἐπὶ
1079 1442 1125 1498 τὰς
1145 1440 1223 1512 θήκας
1242 1439 1307 1516 ἦλθε
1326 1447 1378 1497 τῶν

224 1534 363 1600 βασιλέων.
396 1535 433 1590 Τὰ
448 1536 477 1589 δὲ
490 1535 605 1591 ἐντεῦθεν
618 1537 675 1608 ἐμοί
688 1537 760 1610 ἐστιν
773 1537 804 1592 οὔ
817 1538 907 1606 πιστά,
921 1535 1069 1609 Ἱερώνυμος
1083 1536 1111 1590 δὲ
1125 1537 1228 1610 ἔγραψε
1236 1533 1378 1609 Καρδίανος

226 1629 376 1699 Λυσίμαχον
389 1630 434 1686 τὰς
448 1627 525 1699 θήκας
537 1634 588 1685 τῶν
601 1635 695 1703 νεκρῶν
708 1631 875 1686 desideraris
889 1630 958 1685 ὀστᾶ
967 1630 1079 1702 ἐκρῖψαι.
1111 1627 1247 1687 Eandem
1261 1627 1377 1703 interpr.

226 1719 378 1779 Constant.
394 1720 537 1780 Fanensis
554 1720 606 1780 sed
626 1723 701 1781 inter
719 1722 790 1781 alias
809 1721 927 1798 protulit
944 1720 1096 1781 Hecatost.
1112 1721 1148 1781 iv.
1191 1721 1250 1781 Sed
1271 1738 1309 1780 ne
1330 1720 1377 1778 hic

225 1814 344 1891 quidem
371 1815 486 1875 uidetur
513 1825 624 1876 rectum
652 1825 829 1875 consecutus
854 1815 1003 1892 Apuleius,
1030 1816 1054 1874 si
1082 1814 1174 1874 modo
1197 1833 1266 1875 uere
1291 1814 1379 1873 tradit

225 1906 362 1985 Hyginus
376 1907 447 1968 Fab.
466 1927 523 1984 1²3
539 1909 728 1986 Neoptolemi
746 1928 808 1970 ossa
820 1920 874 1986 per
885 1910 961 1985 fines
975 1908 1147 1968 Ambraciae
1159 1919 1262 1985 sparsa
1269 1910 1377 1988 fuisse.

226 1999 317 2060 Hunc
332 2002 410 2060 enim
424 2001 566 2079 Pyrrhum
579 2003 733 2062 manifesto
750 2001 873 2063 Ouidius
887 2002 1056 2079 eisdemque
1070 2004 1167 2062 uerbis
1182 2003 1343 2063 denotauit.

267 2095 343 2170 §44
366 2095 506 2155 Aeternus
530 2116 570 2156 ae.
593 2097 670 2173 diple.
691 2103 732 2155 est
753 2099 805 2172 qui
822 2116 870 2155 nec
887 2098 1060 2173 principium
1082 2116 1130 2156 nec
1143 2099 1232 2173 finem
1246 2096 1333 2168 tradet,
1348 2103 1381 2154 ut

226 2189 312 2247 deus:
334 2207 501 2265 quamquam
525 2189 659 2267 Orpheus,
680 2189 774 2249 Linus
797 2199 823 2249 et
845 2190 986 2249 Hesiodus
1008 2193 1067 2250 dees
1090 2211 1130 2251 ex
1151 2193 1218 2250 chao
1240 2192 1275 2251 ab
1300 2192 1379 2250 r'ree‘tio

226 2284 347 2359 erupisse
366 2283 503 2355 demerent,
527 2303 592 2360 quos
615 2293 642 2343 et
658 2286 781 2362 plerique
801 2305 840 2345 ex
861 2287 964 2345 nostris
983 2295 1136 2362 sequuntur
1157 2293 1190 2344 ut
1210 2285 1246 2345 ab
1266 2287 1380 2361 antiquo

226 2377 294 2435 choo
308 2383 459 2454 ueteresque
471 2379 583 2454 denique
596 2381 714 2456 nouique
728 2382 746 2439 i.
761 2399 788 2438 n.
803 2388 822 2439 t.
836 2382 862 2438 d.
878 2401 900 2439 c.
916 2400 942 2438 a.

268 2470 409 2548 Respexit
431 2472 476 2531 rb.
498 2476 536 2545 84
560 2474 610 2532 ubi
632 2474 735 2534 uitiose
757 2474 787 2532 in
812 2473 898 2534 codd.
924 2475 1061 2534 traditum
1085 2486 1130 2534 est
1151 2460 1238 2535 ctiori.
1280 2475 1378 2534 Etiam

227 2565 379 2626 Constant.
407 2566 549 2626 Fanensis
575 2567 671 2627 Sarrit.
693 2567 745 2628 iol.
773 2579 803 2626 1⁸
825 2569 893 2629 dicit
917 2569 947 2626 in
972 2569 1057 2629 bonis
1080 2569 1293 2645 exemplaribus
1317 2587 1379 2629 non

227 2658 308 2718 chori
329 2660 381 2719 sed
402 2661 476 2720 chao
497 2661 563 2738 legi.
604 2663 670 2739 Ego
692 2662 721 2720 id
742 2681 803 2722 non
825 2672 892 2722 ante
914 2661 959 2721 ed.
984 2660 1079 2722 Rubei
1098 2673 1173 2736 1474
1189 2662 1297 2722 inueni.
1340 2664 1379 2723 Et

227 2754 274 2814 hic
296 2754 414 2831 quidem
434 2773 538 2814 uerum
559 2765 603 2816 est
624 2757 705 2833 quod
726 2755 866 2834 Apuleius
891 2757 986 2828 tradit,
1009 2757 1062 2816 etsi
1084 2774 1121 2815 ex
1142 2756 1241 2816 litteris
1262 2758 1378 2818 conicio

227 2867 295 2908 eum
309 2849 413 2925 legisse
427 2848 466 2908 In
479 2857 604 2908 nestrum
619 2850 711 2910 ducti
727 2850 800 2930 (non
815 2849 946 2930 cuncti)
962 2857 1065 2927 tempus
1078 2851 1167 2910 adeste
1180 2851 1256 2910 chao.

269 2943 341 3003 Non
361 2943 484 3002 multum
505 2944 579 3005 lucis
597 2945 673 3003 Ibidi
695 2945 816 3006 accessit
835 2964 872 3004 ex
891 2946 1109 3004 commentariis
1123 2946 1257 3005 Ascensii
1272 2943 1379 3025 (1500)

218 3040 257 3098 Ι01
282 3038 391 3097 Zarotti
414 3036 529 3118 (1501).
572 3038 652 3098 Nam
674 3041 832 3101 Ascensius
854 3040 970 3099 nonnisi
993 3039 1114 3099 Domitii
1139 3040 1380 3099 commentarium

228 3133 361 3210 supplere
384 3134 591 3206 constituerat;
624 3135 678 3194 etsi
699 3153 761 3194 non
776 3134 883 3195 desunt
900 3152 975 3211 quae
997 3133 1034 3193 de
1056 3134 1187 3193 obscuris
1208 3134 1280 3193 locis
1301 3152 1380 3193 noua

228 3228 384 3304 protulerit,
400 3247 424 3287 e.
436 3247 466 3304 g.
482 3227 521 3287 ad
538 3248 593 3287 122
614 3230 665 3288 ubi
686 3229 829 3288 Fortunae
837 3230 935 3306 sace‘es
956 3229 1095 3287 inuidiosa
1116 3245 1177 3287 non
1198 3227 1274 3287 male
1295 3228 1381 3287 inter·

226 3332 355 3399 prelatus
373 3333 432 3394 est,
457 3333 486 3382 et
512 3327 570 3394 418
596 3324 646 3382 ubi
671 3342 738 3383 eam
765 3324 992 3400 explicationem
1021 3329 1136 3381 secutus
1165 3331 1210 3381 est
1233 3341 1321 3399 quam
1349 3323 1380 3380 in

228 3415 352 3493 Anglica
366 3417 602 3492 interpretatione
616 3406 753 3477 carminis
768 3418 903 3494 repetiuit
914 3417 1049 3476 Thomas
1060 3416 1252 3476 Vnderdown
1264 3414 1381 3495 (1569).

228 3509 385 3586 Copiosior
399 3510 541 3582 ZarottuS,
556 3511 606 3570 uix
620 3510 736 3584 melior3
759 3512 814 3571 nisi
823 3511 904 3588 quod
913 3511 1086 3587 plerumque
1095 3509 1178 3569 affert
1189 3510 1380 3582 Scholiastcn,

228 3620 453 3680 nonnumquam
480 3603 561 3662 aliter
588 3622 678 3681 quam
705 3606 735 3663 in
763 3607 836 3665 meis
869 3605 1020 3666 codicibus
1048 3603 1171 3665 traditus
1199 3603 1269 3665 est*
1322 3604 1382 3664 Sed

228 3698 301 3757 etin
315 3696 373 3756 hoc
388 3707 455 3756 sunt
468 3697 614 3775 quaedam
627 3699 725 3758 bonae
736 3700 838 3777 irugis,
854 3719 878 3759 e.
891 3718 919 3777 g.
935 3698 974 3758 ad
991 3718 1045 3776 ²91
1059 3709 1164 3775 parum
1182 3700 1259 3758 mitis
1273 3699 1381 3759 ‘uoluit

229 3791 309 3848 enim
333 3790 472 3866 prodesse
495 3800 524 3850 01
546 3790 656 3850 obfuit'
682 3801 711 3850 et
735 3793 773 3852 ad
795 3811 854 3870 419
869 3792 967 3852 lilius
986 3800 1013 3851 et
1035 3791 1155 3864 Cereris,
1178 3807 1236 3867 545
1260 3792 1295 3852 Vt
1307 3803 1382 3869 puer

228 3884 418 3961 Harpagides,
433 3884 539 3961 quibus
559 3886 703 3944 ambobus
724 3886 795 3946 locis
816 3905 918 3946 uerum
940 3886 1012 3946 uidit
1032 3887 1143 3963 primus
1162 3905 1199 3946 ex
1213 3887 1381 3958 editoribus,

229 3998 299 4038 nam
324 3979 428 4038 cadem
457 3979 559 4038 melius
587 3990 655 4056 post
680 3980 831 4041 Zarottum
856 3979 1045 4040 Constantius
1069 3982 1250 4040 monstrauit.
1291 3981 1381 4040 Anno

232 4088 310 4149 1515
338 4074 508 4152 prodierunt
535 4073 667 4134 Venetiis
702 4075 821 4134 Ioannis
849 4074 997 4151 Baptistae
1025 4075 1143 4152 Egnatii
1175 4076 1206 4133 in
1234 4074 1382 4135 Heroidas

230 4168 327 4228 Ouidii
343 4168 465 4246 Sappho
480 4180 509 4229 et
523 4168 588 4227 Ibin
603 4170 833 4242 obseruationes,
848 4188 923 4247 quae
938 4187 1119 4246 quamquam
1138 4170 1287 4229 breuiores
1307 4179 1382 4242 sunt,

228 4262 346 4322 laudem
366 4274 512 4325 mererent
532 4283 619 4324 uerae
641 4266 810 4326 eruditionis
832 4265 886 4323 nisi
906 4283 1022 4341 semper
1040 4264 1099 4323 iere
1121 4265 1158 4323 ab
1177 4264 1283 4324 eodem
1301 4262 1381 4324 Con-

378 4413 392 4445 *
410 4411 471 4459 Hinc
483 4412 571 4459 factum
583 4420 617 4459 est
630 4420 655 4458 ut
666 4410 789 4460 Zarottum
800 4412 879 4461 laudet
891 4411 1022 4460 Lobeckiur
1035 4410 1149 4475 Aglaoph.
1162 4409 1219 4460 601.
