3038 4988
503 388 852 451 COMMENTARIVS.
1128 485 1129 488 η
1193 396 1249 454 147

97 545 214 617 κεφαλὴν
225 550 272 601 τοῦ
284 547 374 616 θηρίου
389 546 471 618 faurqi
484 546 627 615 ἀνατίθησι,
640 549 680 602 καὶ
694 549 749 602 τοῖς
760 548 850 618 λόγοις
861 547 1009 604 ἀκολούθως
1021 550 1050 603 ἐκ
1062 571 1131 606 τινος
1142 550 1250 622 δένδρου

96 619 223 706 κρεμάσαι
234 616 337 685 ταύτην,
347 618 424 672 αὐτὸν
436 618 464 672 δὲ
476 618 655 686 καυματώδους
666 619 844 687 περιστάσεως
855 621 943 687 οὔσης,
954 620 1017 673 κατὰ
1029 620 1075 688 τὴν
1086 624 1251 692 μεσημβρίαν

97 710 133 744 εις
145 687 223 742 ὕπνον
232 691 367 758 τραπῆναι·
380 687 434 742 καθ’
445 687 474 742 ὃν
486 688 517 757 δίη
526 691 622 758 χρόνον
633 693 680 742 τοῦ
693 690 791 757 δεσμοῦ
803 688 926 745 λυθέντας
938 690 1094 759 αὐτομάτως,
1103 696 1194 746 πεσεῖν
1202 695 1250 762 τὴν

96 760 213 829 κεφαλὴν
233 759 274 813 ἐπὶ
295 761 340 813 τὸν
360 760 515 827 κοιμώμενον
534 759 575 812 καὶ
596 759 750 829 διαφθεῖραι.
790 761 876 813 Hunc
894 761 1070 816 Scholiastae
1086 765 1248 818 Thoantem

96 829 158 884 siue
174 831 324 884 Thoonem
343 831 500 900 appellanti
520 830 571 884 sed
583 847 676 900 neque
694 831 749 885 hoc
768 847 872 885 nomen
891 848 944 886 nec
961 833 1037 902 quod
1050 850 1094 902 ap.
1110 836 1192 889 Mure
1205 853 1247 889 re·

96 900 209 970 peritur,
240 900 383 969 DriamaS,
413 900 527 955 aliunde
556 900 848 970 uideturcognitum.
899 902 1095 958 Posidoniates
1125 922 1194 974 ager
1217 905 1247 960 in

97 971 219 1025 Lucanis
227 970 287 1027 fuit.
341 974 406 1026 fixi.
434 974 500 1025 Mos
513 981 573 1025 erat
586 971 763 1039 uenantibus,
772 971 795 1025 si
802 973 880 1026 bona
889 973 1000 1027 fortuna
1010 973 1052 1027 usi
1064 986 1166 1043 essent,
1175 977 1247 1031 fera·

95 1059 158 1095 rum
171 1059 277 1096 cornua
289 1043 334 1097 uel
352 1042 485 1111 προτομὰς
502 1041 643 1096 interdum
662 1042 794 1110 delubris,
807 1043 958 1113 praecipue
972 1043 1091 1113 Dianae,
1105 1045 1247 1100 interdum
1281 1065 1292 1080 ·

96 1112 243 1167 arboribus
251 1113 413 1182 antefigere.
433 1114 515 1182 Prop.
528 1112 553 1166 ii.
563 1128 601 1181 19.
615 1128 646 1181 19
656 1113 796 1183 Incipiam
806 1117 920 1183 captare
922 1115 1007 1183 seras
1015 1122 1042 1169 et
1050 1117 1163 1171 reddere
1170 1119 1248 1187 pinu

97 1184 219 1238 Cornua.
258 1186 326 1237 Met.
346 1183 391 1237 xii.
412 1183 464 1237 266
481 1185 512 1237 in
530 1184 591 1237 alta
612 1185 690 1254 Quae
697 1185 821 1253 fuerard
831 1186 908 1254 penu
926 1187 1022 1239 uetini
1036 1203 1143 1240 cornua
1161 1190 1245 1242 cerui.

96 1255 191 1308 Schol.
210 1253 353 1324 Aristoph.
375 1255 446 1308 Plut.
466 1269 526 1322 943.
563 1255 648 1308 Anth.
670 1256 701 1309 P.
717 1254 753 1324 vi.
771 1270 857 1323 11ο.3
876 1255 908 1308 τὰ
927 1255 950 1308 δ’
965 1255 1101 1326 ὀκτάῤῥιζα
1122 1260 1247 1325 μετώπων

95 1322 228 1394 Φράγμαθ
241 1324 305 1395 ὑπὲρ
317 1326 412 1379 ταναὸν
424 1323 487 1379 ilos
499 1326 578 1393 ἔπαξε
589 1325 672 1379 πίτυν.
710 1325 799 1393 Longi
815 1326 922 1380 Pastor.
936 1325 963 1380 ii.
976 1344 1003 1396 p.
1019 1339 1050 1395 57
1064 1327 1202 1382 Villoison
1215 1331 1246 1383 τὸ

95 1394 123 1447 δὲ
136 1395 212 1464 δέρας
223 1395 329 1463 κέρασιν
341 1395 428 1450 αὐτοῖς
440 1393 564 1462 ἐνέπηξαν
577 1395 609 1460 τῇ
621 1395 699 1464 πίτυι,
712 1412 783 1465 quos
796 1396 873 1449 locos
886 1396 979 1451 attulit
994 1398 1194 1467 Hertzbergius
1207 1400 1245 1454 ad

96 1466 178 1535 Prop.
189 1465 216 1521 ii.
231 1480 271 1534 19.
284 1481 329 1534 19:
343 1465 445 1537 quibus
453 1466 528 1520 adde
535 1467 569 1520 A.
580 1465 654 1520 P.vi.
669 1481 727 1519 111.
741 1466 798 1535 5,6,
811 1481 867 1520 112.
882 1482 903 1535 1,
913 1482 936 1521 2.
1008 1471 1077 1536 501,
1088 1473 1116 1524 8.
1132 1471 1244 1524 Merke-

94 1535 147 1589 lius
161 1536 201 1590 sic
214 1537 343 1606 explicat.
381 1540 454 1591 Siue
473 1538 518 1590 uel
536 1536 629 1605 potius
647 1540 733 1591 idem
751 1547 789 1604 tu,
802 1537 946 1606 utriusque
964 1555 1116 1606 personam
1133 1557 1244 1610 gerens,

94 1610 139 1661 eie
152 1606 175 1660 is
187 1623 281 1671 quem
292 1611 389 1672 pinus
402 1610 499 1667 simili
510 1613 612 1662 morte
623 1611 758 1672 peremit
787 1611 896 1673 Phryx
910 1610 1040 1678 Marsyas
1055 1609 1137 1678 (Stat.
1152 1612 1243 1666 Theb.

94 1676 111 1730 i.
125 1677 189 1746 704)
204 1677 232 1731 in
249 1678 318 1747 pinu
334 1678 492 1732 excoriatus
507 1677 642 1746 (Nicand.
655 1678 734 1732 Alex.
748 1693 797 1745 301
813 1688 840 1732 et
859 1679 952 1734 Schol.
979 1689 1007 1732 et
1020 1680 1095 1734 Attis
1110 1688 1244 1736 uenator

93 1750 336 1814 Berecyntiades
345 1749 392 1818 qui
401 1749 453 1802 sub
463 1748 532 1818 pinu
541 1750 869 1818 namz'nespalz'aueratse
877 1751 940 1802 uiri
960 1750 1066 1804 Amob.
1074 1769 1098 1804 v.
1106 1751 1142 1820 7).
1167 1753 1244 1807 Sane

95 1819 231 1886 Marsyan
245 1821 358 1888 Phryga
370 1819 503 1874 comitem
513 1819 579 1873 facit
591 1819 697 1873 Attinis
711 1818 855 1873 Diodorus
867 1819 904 1874 iii.
920 1821 959 1888 58.
998 1820 1133 1875 Ouidium
1146 1831 1242 1876 tamen

93 1891 251 1954 Phrygem
268 1890 355 1944 aliurn
372 1907 457 1960 quam
476 1890 556 1944 Attin
575 1889 754 1957 intellexisse,
774 1889 940 1960 praesertim
957 1901 1092 1960 sequente
1109 1899 1246 1947 uenator

92 1962 335 2025 Berecyntiades
353 1959 399 2014 uix
416 1970 459 2014 est
471 1978 539 2015 uero
552 1960 653 2014 simile.
690 1963 728 2014 Et
740 1962 796 2015 dna
809 1961 920 2015 Attines
933 1960 1037 2015 diserte
1049 1974 1243 2018 memorantur

93 2046 111 2083 a
124 2032 275 2084 Plutarcho
293 2033 365 2087 Sert.
382 2031 399 2086 i.
418 2041 447 2086 et
467 2031 608 2086 Pausania
626 2030 672 2086 vii.
689 2044 727 2097 17.
767 2033 866 2101 ltaque
885 2031 925 2085 sic
944 2031 1037 2101 potius
1055 2031 1243 2102 interpretor:

92 2102 132 2154 sis
143 2101 245 2171 Phryx
254 2103 327 2156 adem
335 2105 499 2172 peremptus
511 2109 600 2156 marte
610 2103 702 2156 simili
718 2101 778 2156 eius
796 2101 843 2171 qui
863 2102 915 2156 sub
929 2102 998 2171 pinu
1011 2102 1106 2156 iacens
1119 2104 1242 2158 exstinc-

92 2180 138 2224 tus
151 2182 194 2226 est
208 2171 293 2240 (506),
304 2178 332 2227 et
347 2179 468 2226 uenator
477 2173 697 2243 Berecyntiades,
710 2174 738 2227 h.
748 2189 771 2226 e.
786 2172 824 2226 sis
837 2173 912 2226 Attis
929 2173 976 2243 qui
992 2172 1068 2227 idem
1082 2175 1175 2243 Phryx
1188 2176 1242 2229 sub
1267 2179 1274 2185 ”

92 2240 161 2311 pinu
174 2243 294 2297 exsectis
306 2243 433 2297 uirilibus
446 2243 528 2313 periit
545 2254 573 2298 et
588 2253 707 2298 uenator
720 2243 939 2312 Berecyntiades
956 2243 992 2297 ab
1006 2261 1075 2313 apro
1093 2245 1251 2299 confossus

93 2322 136 2366 est
156 2311 240 2381 (Plut.
255 2315 325 2368 Sert.
344 2314 361 2382 i,
381 2315 462 2368 Paus.
479 2313 525 2367 vii.
543 2326 582 2380 17.
596 2313 633 2382 9).
672 2314 731 2368 ‘Or
749 2315 807 2367 else
826 2331 892 2382 nray
904 2331 960 2383 you
977 2314 1050 2368 have
1069 2315 1117 2369 the
1136 2314 1193 2370 fate
1212 2317 1246 2370 oi

91 2382 151 2436 him
163 2385 225 2439 that
233 2401 290 2438 was
303 2395 332 2438 at
344 2402 416 2439 once
426 2385 474 2439 the
486 2384 636 2453 Phrygian,
647 2383 718 2438 slain
731 2384 787 2438 like
797 2385 845 2438 the
857 2384 1021 2438 Posidoniat
1034 2385 1124 2439 under
1136 2403 1154 2439 a
1164 2385 1240 2456 pine,

92 2454 150 2507 and
162 2455 210 2508 the
222 2455 376 2508 huntsman
389 2472 495 2525 sprung
506 2456 579 2509 from
589 2457 780 2524 Berecyntus.'
799 2454 908 2524 Quibus
921 2455 1014 2509 uerbis
1027 2457 1081 2509 hoc
1092 2455 1241 2525 significat,

92 2522 230 2593 inprecari
243 2542 274 2580 se
287 2524 402 2579 inimico
414 2543 465 2579 suo
479 2526 582 2595 duplex
593 2543 682 2594 genus
695 2525 794 2579 mortis
807 2543 863 2595 quo
876 2527 1017 2580 ferebatur
1025 2526 1100 2580 Attis
1113 2526 1240 2596 periisse,

91 2595 292 2650 castrationem
312 2597 365 2651 sub
389 2596 457 2666 pinu
478 2605 506 2650 et
528 2597 629 2651 uulnus
651 2596 687 2650 ab
708 2602 777 2666 apro
799 2606 960 2666 acceptum:
989 2597 1065 2666 quod
1087 2608 1151 2666 post
1173 2599 1244 2667 apri

90 2665 264 2720 mentionem
279 2666 353 2736 (504)
367 2684 453 2736 quam
470 2684 535 2720 cum
553 2668 653 2721 arbore
672 2683 738 2720 mox
755 2666 898 2721 coniunxit
913 2667 985 2737 (505,
997 2667 1026 2735 6)
1040 2678 1116 2722 recte
1128 2668 1240 2722 uidetur

90 2736 257 2791 subnexum.
291 2737 346 2790 Vix
370 2747 466 2791 tamen
487 2737 585 2792 dubito
607 2736 675 2807 quin
696 2736 789 2791 uerius
815 2737 975 2807 scripserim
1000 2737 1029 2791 id
1050 2738 1127 2808 quod
1151 2739 1239 2794 habet

92 2807 239 2861 Conradus
252 2808 289 2862 de
303 2809 385 2862 Mure
396 2811 538 2863 Venator
549 2812 690 2873 Phrygia
707 2812 751 2862 eis
766 2811 1010 2873 Berecyntiades
1025 2809 1127 2863 eodem
1144 2826 1239 2878 sensu,

90 2885 229 2932 structura
241 2879 357 2946 paulum
369 2878 525 2933 immutata.
609 2882 678 2934 501.
697 2882 770 2932 Siue
783 2895 834 2947 pro
847 2879 895 2932 nel
904 2878 993 2932 rarius
1009 2879 1150 2933 inuenitur
1162 2880 1240 2949 apud

89 2957 189 3015 poetas
208 2958 280 3003 teste
299 2949 437 3003 Muellero
454 2967 499 3018 ap.
514 2951 625 3020 Drager
643 2948 717 3003 Hist.
734 2950 813 3016 Synt.
826 2948 853 3002 ii.
867 2966 893 3018 p.
911 2949 979 3014 148:
1005 2959 1033 3002 et
1051 2949 1112 3004 cod.
1130 2950 1239 3003 Vindo-

88 3018 224 3072 bonensis
237 3019 283 3073 hic
295 3019 382 3074 habet
393 3020 499 3089 Atque.
640 3023 712 3074 508.
729 3022 839 3084 Phryx
854 3018 938 3086 Attis,
953 3020 985 3071 F.
998 3019 1034 3074 iv.
1047 3034 1098 3087 223
1111 3037 1118 3086 ;
1140 3020 1238 3075 subest

89 3089 228 3143 uocabulo
240 3089 376 3144 mollitiae
394 3091 439 3144 uel
458 3089 636 3144 castrationis
654 3089 830 3159 significatio,
847 3091 909 3143 Cat.
921 3087 988 3142 lxiii.
1001 3104 1045 3156 22,
1061 3091 1131 3144 Stat.
1144 3109 1171 3143 x.
1188 3103 1238 3156 170

89 3159 136 3212 ubi
155 3159 221 3214 uide
241 3160 428 3229 Lactantium,
450 3163 535 3215 Mart.
557 3160 614 3216 viii.
635 3161 679 3227 46.
698 3175 718 3226 4
743 3161 782 3213 Te
801 3160 896 3230 Cybele
915 3164 1006 3213 tatum
1024 3161 1122 3214 mallet
1139 3159 1240 3214 habere

88 3229 215 3300 Phryga,
233 3231 261 3284 h.
270 3248 295 3286 e.
307 3248 365 3285 non
378 3241 532 3286 castratum
550 3230 638 3285 Attin.
680 3231 722 3285 Cf.
739 3231 811 3285 Aen.
826 3229 873 3283 xii.
890 3245 933 3298 99,
952 3230 1023 3284 Stat.
1040 3231 1110 3284 Ach
1129 3229 1158 3284 ii.
1175 3230 1236 3299 363,

64 3332 66 3335 -
90 3301 156 3355 Eur.
171 3303 264 3356 Orest.
280 3303 354 3371 1528.
398 3304 520 3357 Venator
529 3302 659 3373 Phrygia
675 3301 698 3356 si
716 3301 832 3368 scribas,
845 3299 985 3355 ablatiuus
1004 3300 1119 3370 originis
1137 3301 1190 3355 erit
1207 3311 1238 3356 ut

90 3370 220 3426 Plautina
238 3372 286 3427 illa
304 3372 440 3442 hospitem
458 3373 604 3443 Zacyntho
627 3375 715 3428 Merc.
732 3391 758 3427 v.
776 3387 801 3426 2.
820 3387 863 3440 99,
884 3371 982 3425 Rhodo
1001 3377 1139 3426 mercator
1156 3370 1238 3426 Asin.

88 3439 115 3495 ii.
130 3456 155 3507 4.
168 3457 202 3510 92
217 3443 341 3512 (Drdger
353 3443 370 3498 i.
383 3461 411 3513 p.
423 3442 496 3512 458).
534 3442 644 3498 Similia
656 3453 721 3498 sunt
736 3442 855 3498 Hesiodi
870 3445 974 3496 Μοῦσαι
986 3442 1131 3513 Πιερίηθεν,
1145 3443 1238 3497 Theo-

89 3510 150 3566 criti
169 3511 294 3580 Ἀργόθεν
315 3514 406 3584 ἄνδρες
427 3515 498 3569 xxiv.
520 3529 578 3584 110,
598 3514 764 3569 Callimachi
784 3512 1078 3582 ΔωδώνηθεἯελασγοὶ
1098 3514 1162 3568 Del.
1176 3514 1238 3582 284,

89 3581 227 3637 Nicandri
246 3582 330 3654 pirou
348 3583 479 3651 Κρήτηθεν
491 3586 571 3640 Alex.
584 3599 645 3654 235,
658 3583 770 3654 Λῑβύηθε
788 3583 860 3653 ῥίζας
876 3583 913 3639 ib.
928 3584 987 3653 368,
1001 3594 1152 3654 ceteraque
1164 3601 1238 3655 quae

89 3653 231 3722 congessit
257 3654 447 3710 Schneiderus
470 3656 593 3712 Nicand.
618 3673 645 3726 p.
667 3669 708 3725 95.
770 3659 1020 3721 Berecyntiades.
1062 3657 1139 3710 Pers.
1161 3655 1180 3710 i.
1202 3670 1237 3724 93

87 3724 269 3797 Berecyntius
284 3725 373 3779 Attis.
405 3726 635 3796 Patronymicum
652 3727 688 3782 de
705 3744 739 3781 eo
752 3727 799 3796 qui
813 3727 849 3781 de
865 3728 1023 3796 Berecynto
1040 3737 1137 3781 monte
1153 3726 1237 3795 origi-

87 3810 154 3847 nem
172 3794 264 3862 traxit,
280 3807 310 3850 ut
333 3798 503 3851 Taenarides
520 3817 545 3852 x.
569 3799 626 3866 183,
644 3798 865 3868 Borysthenidae
884 3800 967 3867 Prop.
989 3797 1015 3852 ii.
1036 3810 1060 3864 7.
1084 3799 1123 3852 18.
1153 3798 1237 3850 Bere-

86 3871 208 3934 cyntnm,
227 3883 285 3920 non
303 3868 516 3937 Berecynthiam,
535 3868 716 3924 scribendum
734 3886 798 3924 esse
814 3869 872 3922 iam
891 3886 925 3922 ex
944 3869 1042 3938 Steph.
1062 3869 1094 3922 B.
1107 3876 1237 3922 enotarat

88 3936 184 3989 Const.
207 3938 329 3991 Fanens.
352 3940 498 3994 Hecatost.
522 3940 565 3993 81.
719 3943 790 3995 509.
808 3943 935 3994 Minoae
954 3940 1064 4005 Cretae,
1083 3954 1155 4010 quae
1174 3937 1237 4005 ipsa

86 4006 202 4059 Minoia
223 4006 325 4061 dicitur
346 4011 378 4064 F.
398 4008 436 4064 iii.
455 4010 497 4064 81.
536 4011 593 4065 Sed
612 4009 703 4066 ethic
722 4021 750 4066 et
769 4010 798 4065 in
817 4028 901 4064 uersu
921 4011 990 4063 Her.
1008 4008 1044 4063 vi.
1068 4022 1116 4073 114
1134 4007 1237 4059 Menae

86 4082 157 4129 nata
173 4076 298 4131 Thoante
300 4080 387 4148 seror
396 4079 457 4149 ipse
472 4079 568 4136 Minos
580 4082 736 4151 respicitur.
807 4085 874 4136 510.
893 4085 1102 4147 Corcyraeum
1114 4078 1236 4144 hostem,

87 4148 185 4215 quales
200 4149 372 4217 Corcyraeos
385 4150 491 4220 experti
505 4162 585 4207 erant
599 4155 705 4220 Cretes,
718 4169 783 4207 cum
797 4151 903 4207 Minois
916 4167 983 4204 ossa
995 4166 1029 4202 ex
1043 4147 1139 4203 Sicilia
1151 4147 1236 4227 refer-

86 4226 166 4275 entes
193 4220 358 4288 Corcyraeis
386 4238 504 4291 quorum
530 4223 568 4278 ad
592 4223 657 4279 litus
682 4224 849 4294 appulerant
872 4221 1054 4278 uexabantur.
1092 4217 1169 4271 Hinc
1194 4234 1236 4271 1ra

87 4289 204 4342 Cretum
222 4289 251 4343 in
271 4291 453 4360 Corcyraeos,
476 4293 499 4347 si
524 4293 571 4364 qui
590 4296 628 4350 ad
651 4312 682 4350 se
704 4295 906 4364 adplicuerant.
948 4294 1029 4345 Haec
1050 4287 1235 4354 Scholiastae,

86 4357 225 4413 incertum
237 4377 293 4430 quo
306 4372 428 4419 auctore.
464 4366 588 4420 Mortem
602 4366 708 4421 Minois
722 4367 793 4437 (289,
807 4368 871 4438 290)
884 4371 1031 4420 narrarent
1045 4359 1235 4415 Callimachus

87 4426 115 4482 in
132 4430 223 4485 Aetiis
242 4442 270 4485 et
289 4432 525 4504 Philostephanus
546 4436 652 4506 (Schol.
673 4440 706 4494 Il.
725 4438 750 4493 ii.
768 4452 825 4508 145,
846 4441 933 4493 Grote
953 4432 1028 4487 Hist.
1047 4433 1080 4486 of
1096 4433 1203 4485 Greece
1216 4429 1235 4484 i.

86 4515 113 4568 p.
132 4501 212 4572 308);
235 4519 269 4560 ex
287 4504 388 4560 eodem
407 4507 485 4562 fonte
503 4508 624 4567 fortasse
641 4520 669 4565 et
687 4511 742 4566 hoc
760 4511 849 4582 petiit,
869 4509 903 4566 cf.
924 4503 1056 4562 Schneid
1077 4500 1186 4558 Callim.
1207 4499 1236 4555 ii.

631 4598 693 4648 La
