<?xml version="1.0" encoding="UTF-8"?>
<!DOCTYPE html PUBLIC "-//W3C//DTD XHTML 1.0 Transitional//EN"
    "http://www.w3.org/TR/xhtml1/DTD/xhtml1-transitional.dtd">
<html xmlns="http://www.w3.org/1999/xhtml" xml:lang="en" lang="en">
 <head>
  <title>
</title>
<meta http-equiv="Content-Type" content="text/html;charset=utf-8" />
  <meta name='ocr-system' content='tesseract 3.04.00' />
  <meta name='ocr-capabilities' content='ocr_page ocr_carea ocr_par ocr_line ocrx_word'/>
</head>
<body>
  <div class='ocr_page' id='page_1' title='image "./povidiinasonisi00ovidgoog_0172.png"; bbox 0 0 3126 4980; ppageno 0'>
   <div class='ocr_carea' id='block_1_1' title="bbox 681 378 1316 448">
    <p class='ocr_par' dir='ltr' id='par_1_1' title="bbox 681 378 1316 448">
     <span class='ocr_line' id='line_1_1' title="bbox 681 378 1316 448; baseline 0.011 -10"><span class='ocrx_word' id='word_1_1' title='bbox 681 378 726 438; x_wconf 93' lang='lat' dir='ltr'><strong>IN</strong></span> <span class='ocrx_word' id='word_1_2' title='bbox 749 379 845 439; x_wconf 92' lang='lat' dir='ltr'><strong>IBIN.</strong></span> <span class='ocrx_word' id='word_1_3' title='bbox 1259 391 1316 448; x_wconf 89' lang='grc'><strong>103</strong></span> 
     </span>
    </p>
   </div>
   <div class='ocr_carea' id='block_1_2' title="bbox 140 532 1368 3060">
    <p class='ocr_par' dir='ltr' id='par_1_2' title="bbox 168 532 1318 620">
     <span class='ocr_line' id='line_1_2' title="bbox 168 532 1318 620; baseline 0.009 -27"><span class='ocrx_word' id='word_1_4' title='bbox 168 535 258 595; x_wconf 91' lang='lat' dir='ltr'><strong>fluuio</strong></span> <span class='ocrx_word' id='word_1_5' title='bbox 275 543 428 611; x_wconf 90' lang='lat' dir='ltr'><strong>potassent</strong></span> <span class='ocrx_word' id='word_1_6' title='bbox 445 532 537 593; x_wconf 92' lang='lat' dir='ltr'><strong>Troia</strong></span> <span class='ocrx_word' id='word_1_7' title='bbox 555 552 617 592; x_wconf 91' lang='lat' dir='ltr'><strong>non</strong></span> <span class='ocrx_word' id='word_1_8' title='bbox 635 551 722 610; x_wconf 86' lang='lat' dir='ltr'><strong>cape·</strong></span> <span class='ocrx_word' id='word_1_9' title='bbox 763 535 911 594; x_wconf 83' lang='lat' dir='ltr'><strong>interfecit.</strong></span> <span class='ocrx_word' id='word_1_10' title='bbox 971 533 1105 620; x_wconf 88' lang='lat' dir='ltr'><strong>[fatatum</strong></span> <span class='ocrx_word' id='word_1_11' title='bbox 1141 541 1220 602; x_wconf 90' lang='lat' dir='ltr'><strong>enim</strong></span> <span class='ocrx_word' id='word_1_12' title='bbox 1255 552 1318 603; x_wconf 89' lang='lat' dir='ltr'><strong>erat</strong></span> 
     </span>
    </p>

    <p class='ocr_par' dir='ltr' id='par_1_3' title="bbox 167 617 1316 700">
     <span class='ocr_line' id='line_1_3' title="bbox 167 617 1316 700; baseline 0.01 -27"><span class='ocrx_word' id='word_1_13' title='bbox 167 627 253 688; x_wconf 88' lang='lat' dir='ltr'><strong>retur,</strong></span> <span class='ocrx_word' id='word_1_14' title='bbox 274 627 361 675; x_wconf 91' lang='lat' dir='ltr'><strong>nocte</strong></span> <span class='ocrx_word' id='word_1_15' title='bbox 383 625 480 674; x_wconf 90' lang='lat' dir='ltr'><strong>autem</strong></span> <span class='ocrx_word' id='word_1_16' title='bbox 503 617 613 692; x_wconf 89' lang='lat' dir='ltr'><strong>sopitus</strong></span> <span class='ocrx_word' id='word_1_17' title='bbox 635 617 721 676; x_wconf 90' lang='lat' dir='ltr'><strong>sociis</strong></span> <span class='ocrx_word' id='word_1_18' title='bbox 763 618 885 693; x_wconf 93' lang='lat' dir='ltr'><strong>quodsi</strong></span> <span class='ocrx_word' id='word_1_19' title='bbox 905 637 956 677; x_wconf 89' lang='lat' dir='ltr'><strong>sex</strong></span> <span class='ocrx_word' id='word_1_20' title='bbox 978 622 1045 697; x_wconf 91' lang='lat' dir='ltr'><strong>equi</strong></span> <span class='ocrx_word' id='word_1_21' title='bbox 1064 623 1121 681; x_wconf 85' lang='lat' dir='ltr'>albi</span> <span class='ocrx_word' id='word_1_22' title='bbox 1138 623 1229 700; x_wconf 91' lang='lat' dir='ltr'><strong>ipsius</strong></span> <span class='ocrx_word' id='word_1_23' title='bbox 1244 623 1316 684; x_wconf 87' lang='lat' dir='ltr'><strong>Resi</strong></span> 
     </span>
    </p>

    <p class='ocr_par' dir='ltr' id='par_1_4' title="bbox 167 698 1316 766">
     <span class='ocr_line' id='line_1_4' title="bbox 167 698 1316 766; baseline 0.008 -9"><span class='ocrx_word' id='word_1_24' title='bbox 167 699 227 757; x_wconf 92' lang='lat' dir='ltr'><strong>suis</strong></span> <span class='ocrx_word' id='word_1_25' title='bbox 241 698 452 757; x_wconf 85' lang='lat' dir='ltr'><strong>dormientibus</strong></span> <span class='ocrx_word' id='word_1_26' title='bbox 464 699 501 756; x_wconf 92' lang='lat' dir='ltr'><strong>ab</strong></span> <span class='ocrx_word' id='word_1_27' title='bbox 509 698 596 756; x_wconf 86' lang='lat' dir='ltr'><strong>Vlixe</strong></span> <span class='ocrx_word' id='word_1_28' title='bbox 605 698 719 757; x_wconf 92' lang='lat' dir='ltr'><strong>occisus</strong></span> <span class='ocrx_word' id='word_1_29' title='bbox 761 699 797 757; x_wconf 91' lang='lat' dir='ltr'><strong>de</strong></span> <span class='ocrx_word' id='word_1_30' title='bbox 818 698 942 759; x_wconf 81' lang='lat' dir='ltr'><strong>Xantho</strong></span> <span class='ocrx_word' id='word_1_31' title='bbox 964 701 1053 762; x_wconf 91' lang='lat' dir='ltr'><strong>fluuio</strong></span> <span class='ocrx_word' id='word_1_32' title='bbox 1073 704 1206 764; x_wconf 87' lang='lat' dir='ltr'><strong>biberent</strong></span> <span class='ocrx_word' id='word_1_33' title='bbox 1227 716 1257 765; x_wconf 89' lang='lat' dir='ltr'><strong>et</strong></span> <span class='ocrx_word' id='word_1_34' title='bbox 1278 708 1316 766; x_wconf 90' lang='lat' dir='ltr'><strong>de</strong></span> 
     </span>
    </p>

    <p class='ocr_par' dir='ltr' id='par_1_5' title="bbox 167 778 1318 1026">
     <span class='ocr_line' id='line_1_5' title="bbox 167 778 1318 857; baseline 0.008 -19"><span class='ocrx_word' id='word_1_35' title='bbox 167 789 219 851; x_wconf 91' lang='lat' dir='ltr'><strong>est,</strong></span> <span class='ocrx_word' id='word_1_36' title='bbox 237 781 306 857; x_wconf 90' lang='lat' dir='ltr'><strong>equi</strong></span> <span class='ocrx_word' id='word_1_37' title='bbox 320 799 391 839; x_wconf 93' lang='lat' dir='ltr'><strong>uero</strong></span> <span class='ocrx_word' id='word_1_38' title='bbox 406 780 493 856; x_wconf 90' lang='lat' dir='ltr'><strong>capti.</strong></span> <span class='ocrx_word' id='word_1_39' title='bbox 538 778 575 839; x_wconf 84' lang='lat' dir='ltr'><strong>G.</strong></span> <span class='ocrx_word' id='word_1_40' title='bbox 760 782 878 856; x_wconf 85' lang='lat' dir='ltr'><strong>pascuis</strong></span> <span class='ocrx_word' id='word_1_41' title='bbox 906 794 1060 857; x_wconf 89' lang='lat' dir='ltr'><strong>pascerent</strong></span> <span class='ocrx_word' id='word_1_42' title='bbox 1087 785 1225 847; x_wconf 89' lang='lat' dir='ltr'><strong>Troianis</strong></span> <span class='ocrx_word' id='word_1_43' title='bbox 1253 806 1318 847; x_wconf 84' lang='lat' dir='ltr'><strong>arn·</strong></span> 
     </span>
     <span class='ocr_line' id='line_1_6' title="bbox 760 863 1315 945; baseline 0.014 -26"><span class='ocrx_word' id='word_1_44' title='bbox 760 863 835 938; x_wconf 91' lang='lat' dir='ltr'><strong>plius</strong></span> <span class='ocrx_word' id='word_1_45' title='bbox 851 863 942 923; x_wconf 90' lang='lat' dir='ltr'><strong>Troia</strong></span> <span class='ocrx_word' id='word_1_46' title='bbox 957 883 1018 924; x_wconf 90' lang='lat' dir='ltr'><strong>non</strong></span> <span class='ocrx_word' id='word_1_47' title='bbox 1033 877 1134 942; x_wconf 89' lang='lat' dir='ltr'><strong>posset</strong></span> <span class='ocrx_word' id='word_1_48' title='bbox 1149 870 1222 945; x_wconf 88' lang='lat' dir='ltr'><strong>capi,</strong></span> <span class='ocrx_word' id='word_1_49' title='bbox 1238 879 1270 928; x_wconf 90' lang='lat' dir='ltr'><strong>ut</strong></span> <span class='ocrx_word' id='word_1_50' title='bbox 1285 870 1315 929; x_wconf 90' lang='lat' dir='ltr'><strong>d.</strong></span> 
     </span>
     <span class='ocr_line' id='line_1_7' title="bbox 760 940 1096 1026; baseline 0.015 -25"><span class='ocrx_word' id='word_1_51' title='bbox 760 940 906 1026; x_wconf 86' lang='lat' dir='ltr'><strong>Ouidius]</strong></span> <span class='ocrx_word' id='word_1_52' title='bbox 952 945 1096 1006; x_wconf 83' lang='lat' dir='ltr'><strong>CctAsk.</strong></span> 
     </span>
    </p>

    <p class='ocr_par' dir='ltr' id='par_1_6' title="bbox 165 1023 1368 1433">
     <span class='ocr_line' id='line_1_8' title="bbox 207 1023 1316 1103; baseline 0.008 -21"><span class='ocrx_word' id='word_1_53' title='bbox 207 1027 277 1100; x_wconf 82' lang='lat'><strong>631.</strong></span> <span class='ocrx_word' id='word_1_54' title='bbox 299 1023 410 1096; x_wconf 91' lang='lat' dir='ltr'><strong>Quam</strong></span> <span class='ocrx_word' id='word_1_55' title='bbox 436 1044 523 1102; x_wconf 91' lang='lat' dir='ltr'><strong>quos</strong></span> <span class='ocrx_word' id='word_1_56' title='bbox 549 1042 623 1083; x_wconf 91' lang='lat' dir='ltr'><strong>cum</strong></span> <span class='ocrx_word' id='word_1_57' title='bbox 648 1023 717 1082; x_wconf 94' lang='lat' dir='ltr'><strong>Ru·</strong></span> <span class='ocrx_word' id='word_1_58' title='bbox 799 1025 890 1085; x_wconf 91' lang='lat' dir='ltr'><strong>Nisus</strong></span> <span class='ocrx_word' id='word_1_59' title='bbox 905 1027 1031 1103; x_wconf 89' lang='lat' dir='ltr'><strong>Hyrtaci</strong></span> <span class='ocrx_word' id='word_1_60' title='bbox 1045 1029 1119 1088; x_wconf 90' lang='lat' dir='ltr'><strong>filius</strong></span> <span class='ocrx_word' id='word_1_61' title='bbox 1139 1039 1168 1089; x_wconf 92' lang='lat' dir='ltr'><strong>et</strong></span> <span class='ocrx_word' id='word_1_62' title='bbox 1182 1030 1316 1091; x_wconf 89' lang='lat' dir='ltr'><strong>Eurialus</strong></span> 
     </span>
     <span class='ocr_line' id='line_1_9' title="bbox 165 1105 1315 1190; baseline 0.009 -27"><span class='ocrx_word' id='word_1_63' title='bbox 165 1106 247 1164; x_wconf 91' lang='lat' dir='ltr'><strong>tulo.</strong></span> <span class='ocrx_word' id='word_1_64' title='bbox 303 1106 416 1166; x_wconf 90' lang='lat' dir='ltr'><strong>Notum</strong></span> <span class='ocrx_word' id='word_1_65' title='bbox 449 1115 493 1166; x_wconf 90' lang='lat' dir='ltr'><strong>est</strong></span> <span class='ocrx_word' id='word_1_66' title='bbox 520 1107 557 1165; x_wconf 89' lang='lat' dir='ltr'><strong>de</strong></span> <span class='ocrx_word' id='word_1_67' title='bbox 585 1105 661 1164; x_wconf 92' lang='lat' dir='ltr'><strong>Niso</strong></span> <span class='ocrx_word' id='word_1_68' title='bbox 689 1115 718 1164; x_wconf 89' lang='lat' dir='ltr'><strong>et</strong></span> <span class='ocrx_word' id='word_1_69' title='bbox 758 1124 859 1166; x_wconf 87' lang='lat' dir='ltr'><strong>comes</strong></span> <span class='ocrx_word' id='word_1_70' title='bbox 875 1108 911 1167; x_wconf 89' lang='lat' dir='ltr'><strong>de</strong></span> <span class='ocrx_word' id='word_1_71' title='bbox 926 1110 1042 1169; x_wconf 93' lang='lat' dir='ltr'><strong>ciuitate</strong></span> <span class='ocrx_word' id='word_1_72' title='bbox 1057 1113 1123 1183; x_wconf 76' lang='lat' dir='ltr'><strong>crus,</strong></span> <span class='ocrx_word' id='word_1_73' title='bbox 1137 1113 1210 1171; x_wconf 91' lang='lat' dir='ltr'><strong>sicut</strong></span> <span class='ocrx_word' id='word_1_74' title='bbox 1226 1133 1315 1190; x_wconf 89' lang='lat' dir='ltr'><strong>supra</strong></span> 
     </span>
     <span class='ocr_line' id='line_1_10' title="bbox 165 1186 1314 1271; baseline 0.009 -27"><span class='ocrx_word' id='word_1_75' title='bbox 165 1186 284 1246; x_wconf 92' lang='lat' dir='ltr'><strong>Eurialo</strong></span> <span class='ocrx_word' id='word_1_76' title='bbox 315 1189 364 1264; x_wconf 88' lang='lat' dir='ltr'><strong>qui</strong></span> <span class='ocrx_word' id='word_1_77' title='bbox 393 1189 568 1247; x_wconf 91' lang='lat' dir='ltr'><strong>Ramnetem</strong></span> <span class='ocrx_word' id='word_1_78' title='bbox 602 1187 717 1245; x_wconf 89' lang='lat' dir='ltr'><strong>occide·</strong></span> <span class='ocrx_word' id='word_1_79' title='bbox 759 1188 869 1247; x_wconf 91' lang='lat' dir='ltr'><strong>dictum</strong></span> <span class='ocrx_word' id='word_1_80' title='bbox 887 1199 938 1261; x_wconf 91' lang='lat' dir='ltr'><strong>est,</strong></span> <span class='ocrx_word' id='word_1_81' title='bbox 954 1190 1131 1251; x_wconf 87' lang='lat' dir='ltr'><strong>Ramnetem</strong></span> <span class='ocrx_word' id='word_1_82' title='bbox 1149 1213 1248 1270; x_wconf 88' lang='lat' dir='ltr'><strong>regem</strong></span> <span class='ocrx_word' id='word_1_83' title='bbox 1264 1197 1314 1271; x_wconf 92' lang='lat' dir='ltr'><strong>qui</strong></span> 
     </span>
     <span class='ocr_line' id='line_1_11' title="bbox 165 1269 1368 1347; baseline 0.009 -22"><span class='ocrx_word' id='word_1_84' title='bbox 165 1278 232 1326; x_wconf 90' lang='lat' dir='ltr'><strong>runt</strong></span> <span class='ocrx_word' id='word_1_85' title='bbox 266 1279 294 1327; x_wconf 90' lang='lat' dir='ltr'><strong>et</strong></span> <span class='ocrx_word' id='word_1_86' title='bbox 330 1289 347 1328; x_wconf 93' lang='lat' dir='ltr'><strong>a</strong></span> <span class='ocrx_word' id='word_1_87' title='bbox 379 1270 538 1330; x_wconf 89' lang='lat' dir='ltr'><strong>Volscente</strong></span> <span class='ocrx_word' id='word_1_88' title='bbox 576 1269 717 1327; x_wconf 87' lang='lat' dir='ltr'><strong>interiecti</strong></span> <span class='ocrx_word' id='word_1_89' title='bbox 758 1287 812 1328; x_wconf 87' lang='lat' dir='ltr'><strong>rex</strong></span> <span class='ocrx_word' id='word_1_90' title='bbox 826 1279 907 1345; x_wconf 91' lang='lat' dir='ltr'><strong>parte</strong></span> <span class='ocrx_word' id='word_1_91' title='bbox 921 1282 1032 1331; x_wconf 85' lang='lat' dir='ltr'><strong>tantum</strong></span> <span class='ocrx_word' id='word_1_92' title='bbox 1049 1274 1148 1347; x_wconf 90' lang='lat' dir='ltr'><strong>fuerat,</strong></span> <span class='ocrx_word' id='word_1_93' title='bbox 1163 1276 1314 1336; x_wconf 88' lang='lat' dir='ltr'><strong>inuentum</strong></span> <span class='ocrx_word' id='word_1_94' title='bbox 1366 1306 1368 1310; x_wconf 93' lang='lat'>·</span> 
     </span>
     <span class='ocr_line' id='line_1_12' title="bbox 166 1350 1316 1433; baseline 0.006 -25"><span class='ocrx_word' id='word_1_95' title='bbox 166 1361 240 1409; x_wconf 89' lang='lat' dir='ltr'><strong>sunt.</strong></span> <span class='ocrx_word' id='word_1_96' title='bbox 286 1350 322 1410; x_wconf 89' lang='lat' dir='ltr'><strong>G.</strong></span> <span class='ocrx_word' id='word_1_97' title='bbox 759 1368 827 1408; x_wconf 91' lang='lat' dir='ltr'><strong>cum</strong></span> <span class='ocrx_word' id='word_1_98' title='bbox 849 1353 937 1411; x_wconf 92' lang='lat' dir='ltr'><strong>sociis</strong></span> <span class='ocrx_word' id='word_1_99' title='bbox 959 1363 1116 1432; x_wconf 90' lang='lat' dir='ltr'><strong>antequam</strong></span> <span class='ocrx_word' id='word_1_100' title='bbox 1137 1358 1193 1433; x_wconf 90' lang='lat' dir='ltr'><strong>ipsi</strong></span> <span class='ocrx_word' id='word_1_101' title='bbox 1215 1368 1316 1417; x_wconf 86' lang='lat' dir='ltr'><strong>essent</strong></span> 
     </span>
    </p>

    <p class='ocr_par' dir='ltr' id='par_1_7' title="bbox 140 1432 1314 1999">
     <span class='ocr_line' id='line_1_13' title="bbox 758 1432 1314 1512; baseline 0.018 -23"><span class='ocrx_word' id='word_1_102' title='bbox 758 1432 795 1490; x_wconf 89' lang='lat' dir='ltr'><strong>ab</strong></span> <span class='ocrx_word' id='word_1_103' title='bbox 812 1432 943 1493; x_wconf 91' lang='lat' dir='ltr'><strong>hostibus</strong></span> <span class='ocrx_word' id='word_1_104' title='bbox 961 1435 1143 1512; x_wconf 87' lang='lat' dir='ltr'><strong>deprehensi,</strong></span> <span class='ocrx_word' id='word_1_105' title='bbox 1163 1438 1314 1499; x_wconf 88' lang='lat' dir='ltr'><strong>interfece-</strong></span> 
     </span>
     <span class='ocr_line' id='line_1_14' title="bbox 757 1515 1314 1597; baseline 0.018 -27"><span class='ocrx_word' id='word_1_106' title='bbox 757 1521 831 1585; x_wconf 90' lang='lat' dir='ltr'><strong>runt,</strong></span> <span class='ocrx_word' id='word_1_107' title='bbox 853 1524 886 1572; x_wconf 90' lang='lat' dir='ltr'><strong>ut</strong></span> <span class='ocrx_word' id='word_1_108' title='bbox 910 1516 949 1573; x_wconf 89' lang='lat' dir='ltr'><strong>ait</strong></span> <span class='ocrx_word' id='word_1_109' title='bbox 967 1515 1116 1593; x_wconf 86' lang='lat' dir='ltr'><strong>Virgilius.</strong></span> <span class='ocrx_word' id='word_1_110' title='bbox 1168 1538 1256 1597; x_wconf 90' lang='lat' dir='ltr'><strong>supra</strong></span> <span class='ocrx_word' id='word_1_111' title='bbox 1278 1521 1314 1580; x_wconf 93' lang='lat' dir='ltr'><strong>de</strong></span> 
     </span>
     <span class='ocr_line' id='line_1_15' title="bbox 756 1596 1312 1683; baseline 0.016 -31"><span class='ocrx_word' id='word_1_112' title='bbox 756 1605 849 1654; x_wconf 89' lang='lat' dir='ltr'><strong>morte</strong></span> <span class='ocrx_word' id='word_1_113' title='bbox 866 1596 931 1655; x_wconf 93' lang='lat' dir='ltr'><strong>Nisi</strong></span> <span class='ocrx_word' id='word_1_114' title='bbox 946 1605 974 1656; x_wconf 89' lang='lat' dir='ltr'><strong>et</strong></span> <span class='ocrx_word' id='word_1_115' title='bbox 988 1598 1096 1657; x_wconf 92' lang='lat' dir='ltr'><strong>Euriali</strong></span> <span class='ocrx_word' id='word_1_116' title='bbox 1112 1597 1312 1683; x_wconf 89' lang='lat' dir='ltr'><strong>[Archadiae],</strong></span> 
     </span>
     <span class='ocr_line' id='line_1_16' title="bbox 756 1676 1313 1756; baseline 0.016 -23"><span class='ocrx_word' id='word_1_117' title='bbox 756 1676 804 1735; x_wconf 91' lang='lat' dir='ltr'><strong>hic</strong></span> <span class='ocrx_word' id='word_1_118' title='bbox 822 1677 858 1735; x_wconf 91' lang='lat' dir='ltr'><strong>de</strong></span> <span class='ocrx_word' id='word_1_119' title='bbox 875 1677 928 1736; x_wconf 93' lang='lat' dir='ltr'><strong>illis</strong></span> <span class='ocrx_word' id='word_1_120' title='bbox 946 1696 1021 1754; x_wconf 93' lang='lat' dir='ltr'><strong>quos</strong></span> <span class='ocrx_word' id='word_1_121' title='bbox 1039 1690 1068 1738; x_wconf 89' lang='lat' dir='ltr'><strong>et</strong></span> <span class='ocrx_word' id='word_1_122' title='bbox 1084 1681 1139 1756; x_wconf 93' lang='lat' dir='ltr'><strong>ipsi</strong></span> <span class='ocrx_word' id='word_1_123' title='bbox 1158 1683 1245 1741; x_wconf 90' lang='lat' dir='ltr'><strong>morti</strong></span> <span class='ocrx_word' id='word_1_124' title='bbox 1263 1685 1313 1742; x_wconf 88' lang='lat' dir='ltr'><strong>de-</strong></span> 
     </span>
     <span class='ocr_line' id='line_1_17' title="bbox 758 1759 1140 1822; baseline 0.01 -6"><span class='ocrx_word' id='word_1_125' title='bbox 758 1759 861 1817; x_wconf 91' lang='lat' dir='ltr'><strong>derunt</strong></span> <span class='ocrx_word' id='word_1_126' title='bbox 876 1759 1061 1819; x_wconf 91' lang='lat' dir='ltr'><strong>dormientes.</strong></span> <span class='ocrx_word' id='word_1_127' title='bbox 1106 1762 1140 1822; x_wconf 89' lang='lat' dir='ltr'><strong>C.</strong></span> 
     </span>
     <span class='ocr_line' id='line_1_18' title="bbox 140 1838 1313 1922; baseline 0.006 -24"><span class='ocrx_word' id='word_1_128' title='bbox 140 1850 147 1856; x_wconf 82' lang='lat'>&#39;</span> <span class='ocrx_word' id='word_1_129' title='bbox 206 1842 273 1915; x_wconf 77' lang='lat'><strong>⁶33·</strong></span> <span class='ocrx_word' id='word_1_130' title='bbox 296 1838 545 1916; x_wconf 89' lang='lat' dir='ltr'><strong>Cliniadaeque</strong></span> <span class='ocrx_word' id='word_1_131' title='bbox 559 1840 672 1900; x_wconf 89' lang='lat' dir='ltr'><strong>modo.</strong></span> <span class='ocrx_word' id='word_1_132' title='bbox 713 1840 845 1899; x_wconf 90' lang='lat' dir='ltr'><strong>Persicus</strong></span> <span class='ocrx_word' id='word_1_133' title='bbox 858 1841 933 1900; x_wconf 90' lang='lat' dir='ltr'><strong>filius</strong></span> <span class='ocrx_word' id='word_1_134' title='bbox 947 1841 1062 1914; x_wconf 88' lang='lat' dir='ltr'><strong>†Clinii,</strong></span> <span class='ocrx_word' id='word_1_135' title='bbox 1076 1862 1130 1920; x_wconf 94' lang='lat' dir='ltr'><strong>pro</strong></span> <span class='ocrx_word' id='word_1_136' title='bbox 1146 1861 1218 1903; x_wconf 89' lang='lat' dir='ltr'><strong>auro</strong></span> <span class='ocrx_word' id='word_1_137' title='bbox 1232 1844 1313 1922; x_wconf 93' lang='lat' dir='ltr'><strong>quod</strong></span> 
     </span>
     <span class='ocr_line' id='line_1_19' title="bbox 163 1921 945 1999; baseline 0.001 -19"><span class='ocrx_word' id='word_1_138' title='bbox 163 1939 263 1980; x_wconf 90' lang='lat' dir='ltr'><strong>secum</strong></span> <span class='ocrx_word' id='word_1_139' title='bbox 278 1921 396 1992; x_wconf 88' lang='lat' dir='ltr'><strong>ferebat,</strong></span> <span class='ocrx_word' id='word_1_140' title='bbox 412 1940 429 1979; x_wconf 88' lang='lat' dir='ltr'><strong>a</strong></span> <span class='ocrx_word' id='word_1_141' title='bbox 443 1923 530 1981; x_wconf 92' lang='lat' dir='ltr'><strong>sociis</strong></span> <span class='ocrx_word' id='word_1_142' title='bbox 544 1922 668 1999; x_wconf 90' lang='lat' dir='ltr'><strong>propriis</strong></span> <span class='ocrx_word' id='word_1_143' title='bbox 682 1923 796 1981; x_wconf 92' lang='lat' dir='ltr'><strong>occisus</strong></span> <span class='ocrx_word' id='word_1_144' title='bbox 810 1932 861 1981; x_wconf 92' lang='lat' dir='ltr'><strong>est.</strong></span> <span class='ocrx_word' id='word_1_145' title='bbox 908 1921 945 1981; x_wconf 87' lang='lat' dir='ltr'><strong>G.</strong></span> 
     </span>
    </p>

    <p class='ocr_par' dir='ltr' id='par_1_8' title="bbox 162 2003 1313 2145">
     <span class='ocr_line' id='line_1_20' title="bbox 205 2003 1313 2081; baseline 0.005 -20"><span class='ocrx_word' id='word_1_146' title='bbox 205 2003 336 2063; x_wconf 90' lang='lat' dir='ltr'><strong>Persicus</strong></span> <span class='ocrx_word' id='word_1_147' title='bbox 352 2004 425 2062; x_wconf 89' lang='lat' dir='ltr'><strong>filius</strong></span> <span class='ocrx_word' id='word_1_148' title='bbox 440 2003 553 2074; x_wconf 91' lang='lat' dir='ltr'><strong>†Clinii,</strong></span> <span class='ocrx_word' id='word_1_149' title='bbox 570 2023 624 2081; x_wconf 93' lang='lat' dir='ltr'><strong>pro</strong></span> <span class='ocrx_word' id='word_1_150' title='bbox 639 2022 710 2062; x_wconf 89' lang='lat' dir='ltr'><strong>auro</strong></span> <span class='ocrx_word' id='word_1_151' title='bbox 726 2003 806 2080; x_wconf 88' lang='lat' dir='ltr'><strong>quod</strong></span> <span class='ocrx_word' id='word_1_152' title='bbox 820 2003 968 2063; x_wconf 82' lang='lat' dir='ltr'><strong>deferebat</strong></span> <span class='ocrx_word' id='word_1_153' title='bbox 982 2022 1090 2078; x_wconf 87' lang='lat' dir='ltr'><strong>secum,</strong></span> <span class='ocrx_word' id='word_1_154' title='bbox 1106 2006 1220 2067; x_wconf 90' lang='lat' dir='ltr'><strong>occisus</strong></span> <span class='ocrx_word' id='word_1_155' title='bbox 1235 2017 1280 2067; x_wconf 89' lang='lat' dir='ltr'><strong>est</strong></span> <span class='ocrx_word' id='word_1_156' title='bbox 1295 2027 1313 2067; x_wconf 90' lang='lat' dir='ltr'><strong>a</strong></span> 
     </span>
     <span class='ocr_line' id='line_1_21' title="bbox 162 2085 613 2145; baseline -0.002 -1"><span class='ocrx_word' id='word_1_157' title='bbox 162 2087 251 2144; x_wconf 87' lang='lat' dir='ltr'><strong>sociis</strong></span> <span class='ocrx_word' id='word_1_158' title='bbox 266 2086 325 2144; x_wconf 91' lang='lat' dir='ltr'><strong>suis</strong></span> <span class='ocrx_word' id='word_1_159' title='bbox 339 2095 368 2143; x_wconf 93' lang='lat' dir='ltr'><strong>et</strong></span> <span class='ocrx_word' id='word_1_160' title='bbox 383 2095 533 2144; x_wconf 90' lang='lat' dir='ltr'><strong>crematus.</strong></span> <span class='ocrx_word' id='word_1_161' title='bbox 580 2085 613 2145; x_wconf 89' lang='lat' dir='ltr'><strong>C.</strong></span> 
     </span>
    </p>

    <p class='ocr_par' dir='ltr' id='par_1_9' title="bbox 148 2165 1312 2470">
     <span class='ocr_line' id='line_1_22' title="bbox 148 2165 1312 2247; baseline 0.003 -20"><span class='ocrx_word' id='word_1_162' title='bbox 148 2203 163 2228; x_wconf 77' lang='grc'><strong>.</strong></span> <span class='ocrx_word' id='word_1_163' title='bbox 205 2169 272 2242; x_wconf 83' lang='lat'><strong>635.</strong></span> <span class='ocrx_word' id='word_1_164' title='bbox 294 2167 407 2244; x_wconf 91' lang='lat' dir='ltr'><strong>thue</strong></span> <span class='ocrx_word' id='word_1_165' title='bbox 429 2166 536 2225; x_wconf 89' lang='lat' dir='ltr'><strong>Remo</strong></span> <span class='ocrx_word' id='word_1_166' title='bbox 557 2184 681 2226; x_wconf 90' lang='lat' dir='ltr'><strong>muros.</strong></span> <span class='ocrx_word' id='word_1_167' title='bbox 724 2165 832 2225; x_wconf 84' lang='lat' dir='ltr'><strong>Poetae</strong></span> <span class='ocrx_word' id='word_1_168' title='bbox 852 2167 952 2226; x_wconf 93' lang='lat' dir='ltr'><strong>dicunt</strong></span> <span class='ocrx_word' id='word_1_169' title='bbox 973 2166 1110 2241; x_wconf 91' lang='lat' dir='ltr'><strong>Remum,</strong></span> <span class='ocrx_word' id='word_1_170' title='bbox 1132 2169 1233 2229; x_wconf 90' lang='lat' dir='ltr'><strong>nescio</strong></span> <span class='ocrx_word' id='word_1_171' title='bbox 1253 2189 1312 2247; x_wconf 88' lang='lat' dir='ltr'><strong>qua</strong></span> 
     </span>
     <span class='ocr_line' id='line_1_23' title="bbox 163 2248 1312 2328; baseline 0.004 -22"><span class='ocrx_word' id='word_1_172' title='bbox 163 2249 343 2318; x_wconf 80' lang='lat' dir='ltr'><strong>necessitate,</strong></span> <span class='ocrx_word' id='word_1_173' title='bbox 368 2266 469 2306; x_wconf 92' lang='lat' dir='ltr'><strong>muros</strong></span> <span class='ocrx_word' id='word_1_174' title='bbox 495 2249 648 2307; x_wconf 91' lang='lat' dir='ltr'><strong>Romanos</strong></span> <span class='ocrx_word' id='word_1_175' title='bbox 672 2266 766 2325; x_wconf 91' lang='lat' dir='ltr'><strong>nuper</strong></span> <span class='ocrx_word' id='word_1_176' title='bbox 790 2248 884 2308; x_wconf 86' lang='lat' dir='ltr'><strong>factos</strong></span> <span class='ocrx_word' id='word_1_177' title='bbox 909 2250 1093 2323; x_wconf 86' lang='lat' dir='ltr'><strong>transiliisse;</strong></span> <span class='ocrx_word' id='word_1_178' title='bbox 1127 2270 1215 2328; x_wconf 91' lang='lat' dir='ltr'><strong>quem</strong></span> <span class='ocrx_word' id='word_1_179' title='bbox 1243 2253 1312 2311; x_wconf 91' lang='lat' dir='ltr'><strong>ideo</strong></span> 
     </span>
     <span class='ocr_line' id='line_1_24' title="bbox 161 2328 1311 2408; baseline 0.004 -20"><span class='ocrx_word' id='word_1_180' title='bbox 161 2331 258 2389; x_wconf 88' lang='lat' dir='ltr'><strong>rustici</strong></span> <span class='ocrx_word' id='word_1_181' title='bbox 285 2328 497 2389; x_wconf 89' lang='lat' dir='ltr'><strong>interfecerunt.</strong></span> <span class='ocrx_word' id='word_1_182' title='bbox 548 2331 600 2388; x_wconf 92' lang='lat' dir='ltr'><strong>sed</strong></span> <span class='ocrx_word' id='word_1_183' title='bbox 627 2348 728 2389; x_wconf 91' lang='lat' dir='ltr'><strong>reuera</strong></span> <span class='ocrx_word' id='word_1_184' title='bbox 752 2348 770 2388; x_wconf 89' lang='lat' dir='ltr'><strong>a</strong></span> <span class='ocrx_word' id='word_1_185' title='bbox 795 2329 880 2389; x_wconf 86' lang='lat' dir='ltr'><strong>fratre</strong></span> <span class='ocrx_word' id='word_1_186' title='bbox 905 2348 958 2390; x_wconf 90' lang='lat' dir='ltr'><strong>suo</strong></span> <span class='ocrx_word' id='word_1_187' title='bbox 985 2329 1081 2390; x_wconf 91' lang='lat' dir='ltr'><strong>Remo</strong></span> <span class='ocrx_word' id='word_1_188' title='bbox 1106 2334 1146 2391; x_wconf 95' lang='lat' dir='ltr'><strong>ob</strong></span> <span class='ocrx_word' id='word_1_189' title='bbox 1170 2333 1311 2408; x_wconf 87' lang='lat' dir='ltr'><strong>inuidiam</strong></span> 
     </span>
     <span class='ocr_line' id='line_1_25' title="bbox 163 2409 422 2470; baseline -0.004 -1"><span class='ocrx_word' id='word_1_190' title='bbox 163 2413 275 2470; x_wconf 89' lang='lat' dir='ltr'><strong>occisus</strong></span> <span class='ocrx_word' id='word_1_191' title='bbox 290 2421 340 2470; x_wconf 92' lang='lat' dir='ltr'><strong>est.</strong></span> <span class='ocrx_word' id='word_1_192' title='bbox 386 2409 422 2469; x_wconf 91' lang='lat' dir='ltr'><strong>G.</strong></span> 
     </span>
    </p>

    <p class='ocr_par' dir='ltr' id='par_1_10' title="bbox 161 2491 1311 2733">
     <span class='ocr_line' id='line_1_26' title="bbox 204 2491 1311 2580; baseline 0.006 -30"><span class='ocrx_word' id='word_1_193' title='bbox 204 2492 349 2552; x_wconf 89' lang='lat' dir='ltr'><strong>Romulus</strong></span> <span class='ocrx_word' id='word_1_194' title='bbox 360 2502 389 2551; x_wconf 90' lang='lat' dir='ltr'><strong>et</strong></span> <span class='ocrx_word' id='word_1_195' title='bbox 400 2492 516 2551; x_wconf 88' lang='lat' dir='ltr'><strong>Remus</strong></span> <span class='ocrx_word' id='word_1_196' title='bbox 524 2491 713 2580; x_wconf 66' lang='lat' dir='ltr'><strong>Romaracta</strong></span> <span class='ocrx_word' id='word_1_197' title='bbox 726 2492 803 2551; x_wconf 88' lang='lat' dir='ltr'><strong>hanc</strong></span> <span class='ocrx_word' id='word_1_198' title='bbox 818 2491 915 2568; x_wconf 88' lang='lat' dir='ltr'><strong>legem</strong></span> <span class='ocrx_word' id='word_1_199' title='bbox 929 2502 1088 2553; x_wconf 88' lang='lat' dir='ltr'><strong>statuerunt</strong></span> <span class='ocrx_word' id='word_1_200' title='bbox 1101 2504 1133 2554; x_wconf 92' lang='lat' dir='ltr'><strong>ut</strong></span> <span class='ocrx_word' id='word_1_201' title='bbox 1146 2496 1197 2572; x_wconf 90' lang='lat' dir='ltr'><strong>qui</strong></span> <span class='ocrx_word' id='word_1_202' title='bbox 1211 2515 1311 2557; x_wconf 90' lang='lat' dir='ltr'><strong>muros</strong></span> 
     </span>
     <span class='ocr_line' id='line_1_27' title="bbox 162 2575 1310 2650; baseline 0.003 -18"><span class='ocrx_word' id='word_1_203' title='bbox 162 2576 296 2633; x_wconf 82' lang='lat' dir='ltr'><strong>transiret</strong></span> <span class='ocrx_word' id='word_1_204' title='bbox 321 2575 414 2650; x_wconf 92' lang='lat' dir='ltr'><strong>capite</strong></span> <span class='ocrx_word' id='word_1_205' title='bbox 438 2583 625 2633; x_wconf 88' lang='lat' dir='ltr'><strong>truncaretur.</strong></span> <span class='ocrx_word' id='word_1_206' title='bbox 667 2575 789 2649; x_wconf 86' lang='lat' dir='ltr'><strong>contigit</strong></span> <span class='ocrx_word' id='word_1_207' title='bbox 813 2586 910 2633; x_wconf 90' lang='lat' dir='ltr'><strong>autem</strong></span> <span class='ocrx_word' id='word_1_208' title='bbox 932 2575 1012 2650; x_wconf 93' lang='lat' dir='ltr'><strong>quod</strong></span> <span class='ocrx_word' id='word_1_209' title='bbox 1035 2575 1146 2636; x_wconf 91' lang='lat' dir='ltr'><strong>Remus</strong></span> <span class='ocrx_word' id='word_1_210' title='bbox 1169 2580 1310 2650; x_wconf 88' lang='lat' dir='ltr'><strong>transiuit,</strong></span> 
     </span>
     <span class='ocr_line' id='line_1_28' title="bbox 161 2655 1159 2733; baseline 0.006 -21"><span class='ocrx_word' id='word_1_211' title='bbox 161 2655 240 2714; x_wconf 91' lang='lat' dir='ltr'><strong>unde</strong></span> <span class='ocrx_word' id='word_1_212' title='bbox 254 2676 272 2715; x_wconf 92' lang='lat' dir='ltr'><strong>a</strong></span> <span class='ocrx_word' id='word_1_213' title='bbox 285 2657 400 2715; x_wconf 90' lang='lat' dir='ltr'><strong>rusticis</strong></span> <span class='ocrx_word' id='word_1_214' title='bbox 414 2665 457 2716; x_wconf 90' lang='lat' dir='ltr'><strong>est</strong></span> <span class='ocrx_word' id='word_1_215' title='bbox 471 2657 586 2715; x_wconf 86' lang='lat' dir='ltr'><strong>occisus</strong></span> <span class='ocrx_word' id='word_1_216' title='bbox 601 2665 630 2714; x_wconf 92' lang='lat' dir='ltr'><strong>et</strong></span> <span class='ocrx_word' id='word_1_217' title='bbox 645 2674 662 2714; x_wconf 85' lang='lat' dir='ltr'><strong>a</strong></span> <span class='ocrx_word' id='word_1_218' title='bbox 676 2656 785 2714; x_wconf 88' lang='lat' dir='ltr'><strong>scelere</strong></span> <span class='ocrx_word' id='word_1_219' title='bbox 800 2658 849 2733; x_wconf 92' lang='lat' dir='ltr'><strong>qui</strong></span> <span class='ocrx_word' id='word_1_220' title='bbox 864 2657 982 2714; x_wconf 91' lang='lat' dir='ltr'><strong>iubebat</strong></span> <span class='ocrx_word' id='word_1_221' title='bbox 996 2675 1080 2732; x_wconf 93' lang='lat' dir='ltr'><strong>opus.</strong></span> <span class='ocrx_word' id='word_1_222' title='bbox 1126 2659 1159 2718; x_wconf 85' lang='lat' dir='ltr'><strong>C.</strong></span> 
     </span>
    </p>

    <p class='ocr_par' dir='ltr' id='par_1_11' title="bbox 161 2737 1311 3060">
     <span class='ocr_line' id='line_1_29' title="bbox 204 2737 1311 2816; baseline 0.005 -22"><span class='ocrx_word' id='word_1_223' title='bbox 204 2740 272 2812; x_wconf 81' lang='lat'><strong>637.</strong></span> <span class='ocrx_word' id='word_1_224' title='bbox 294 2737 449 2814; x_wconf 89' lang='lat' dir='ltr'><strong>Denique</strong></span> <span class='ocrx_word' id='word_1_225' title='bbox 473 2737 686 2797; x_wconf 74' lang='lat' dir='ltr'><strong>Sarmaticas,</strong></span> <span class='ocrx_word' id='word_1_226' title='bbox 728 2737 798 2796; x_wconf 87' lang='lat' dir='ltr'><strong>Post</strong></span> <span class='ocrx_word' id='word_1_227' title='bbox 813 2739 886 2796; x_wconf 92' lang='lat' dir='ltr'><strong>haec</strong></span> <span class='ocrx_word' id='word_1_228' title='bbox 902 2739 1001 2796; x_wconf 89' lang='lat' dir='ltr'><strong>omnia</strong></span> <span class='ocrx_word' id='word_1_229' title='bbox 1016 2740 1093 2797; x_wconf 90' lang='lat' dir='ltr'><strong>mala</strong></span> <span class='ocrx_word' id='word_1_230' title='bbox 1107 2740 1311 2816; x_wconf 86' lang='lat' dir='ltr'><strong>praecedentia</strong></span> 
     </span>
     <span class='ocr_line' id='line_1_30' title="bbox 162 2819 1310 2896; baseline 0.004 -19"><span class='ocrx_word' id='word_1_231' title='bbox 162 2831 298 2895; x_wconf 89' lang='lat' dir='ltr'><strong>sequatur</strong></span> <span class='ocrx_word' id='word_1_232' title='bbox 312 2820 363 2877; x_wconf 93' lang='lat' dir='ltr'><strong>tibi</strong></span> <span class='ocrx_word' id='word_1_233' title='bbox 376 2820 434 2878; x_wconf 93' lang='lat' dir='ltr'><strong>hoc</strong></span> <span class='ocrx_word' id='word_1_234' title='bbox 448 2821 617 2896; x_wconf 88' lang='lat' dir='ltr'><strong>pessimum,</strong></span> <span class='ocrx_word' id='word_1_235' title='bbox 633 2820 730 2878; x_wconf 90' lang='lat' dir='ltr'><strong>uiuere</strong></span> <span class='ocrx_word' id='word_1_236' title='bbox 748 2821 821 2878; x_wconf 94' lang='lat' dir='ltr'><strong>inter</strong></span> <span class='ocrx_word' id='word_1_237' title='bbox 836 2819 935 2890; x_wconf 88' lang='lat' dir='ltr'><strong>Getas,</strong></span> <span class='ocrx_word' id='word_1_238' title='bbox 951 2821 1025 2879; x_wconf 91' lang='lat' dir='ltr'><strong>sicut</strong></span> <span class='ocrx_word' id='word_1_239' title='bbox 1042 2824 1189 2881; x_wconf 80' lang='lat' dir='ltr'><strong>monacho</strong></span> <span class='ocrx_word' id='word_1_240' title='bbox 1203 2823 1310 2884; x_wconf 88' lang='lat' dir='ltr'><strong>intrare</strong></span> 
     </span>
     <span class='ocr_line' id='line_1_31' title="bbox 162 2900 1311 2980; baseline 0.004 -21"><span class='ocrx_word' id='word_1_241' title='bbox 162 2901 326 2960; x_wconf 89' lang='lat' dir='ltr'><strong>claustrum.</strong></span> <span class='ocrx_word' id='word_1_242' title='bbox 368 2901 447 2959; x_wconf 93' lang='lat' dir='ltr'><strong>unde</strong></span> <span class='ocrx_word' id='word_1_243' title='bbox 462 2900 586 2961; x_wconf 90' lang='lat' dir='ltr'><strong>Ouidius</strong></span> <span class='ocrx_word' id='word_1_244' title='bbox 605 2901 662 2959; x_wconf 91' lang='lat' dir='ltr'><strong>hoc</strong></span> <span class='ocrx_word' id='word_1_245' title='bbox 683 2902 714 2958; x_wconf 92' lang='lat' dir='ltr'><strong>in</strong></span> <span class='ocrx_word' id='word_1_246' title='bbox 735 2901 842 2959; x_wconf 87' lang='lat' dir='ltr'><strong>ultimis</strong></span> <span class='ocrx_word' id='word_1_247' title='bbox 862 2901 945 2977; x_wconf 90' lang='lat' dir='ltr'><strong>quasi</strong></span> <span class='ocrx_word' id='word_1_248' title='bbox 964 2902 1001 2960; x_wconf 92' lang='lat' dir='ltr'><strong>ad</strong></span> <span class='ocrx_word' id='word_1_249' title='bbox 1022 2903 1170 2961; x_wconf 91' lang='lat' dir='ltr'><strong>cumulum</strong></span> <span class='ocrx_word' id='word_1_250' title='bbox 1192 2923 1311 2980; x_wconf 90' lang='lat' dir='ltr'><strong>praece-</strong></span> 
     </span>
     <span class='ocr_line' id='line_1_32' title="bbox 161 2982 567 3060; baseline 0 -18"><span class='ocrx_word' id='word_1_251' title='bbox 161 2984 293 3042; x_wconf 90' lang='lat' dir='ltr'><strong>dentium</strong></span> <span class='ocrx_word' id='word_1_252' title='bbox 308 2984 488 3060; x_wconf 89' lang='lat' dir='ltr'><strong>imprecatur.</strong></span> <span class='ocrx_word' id='word_1_253' title='bbox 534 2982 567 3042; x_wconf 89' lang='lat' dir='ltr'><strong>C.</strong></span> 
     </span>
    </p>
   </div>
   <div class='ocr_carea' id='block_1_3' title="bbox 159 3155 1311 3438">
    <p class='ocr_par' dir='ltr' id='par_1_12' title="bbox 159 3155 1310 3364">
     <span class='ocr_line' id='line_1_33' title="bbox 160 3155 1310 3226; baseline 0 -16"><span class='ocrx_word' id='word_1_254' title='bbox 160 3160 226 3211; x_wconf 87' lang='lat' dir='ltr'><strong>Ask.</strong></span> <span class='ocrx_word' id='word_1_255' title='bbox 281 3158 460 3211; x_wconf 86' lang='lat' dir='ltr'><strong>inuentumG</strong></span> <span class='ocrx_word' id='word_1_256' title='bbox 512 3156 569 3209; x_wconf 91' lang='lat' dir='ltr'><strong>uim</strong></span> <span class='ocrx_word' id='word_1_257' title='bbox 577 3168 626 3226; x_wconf 86' lang='lat' dir='ltr'><strong>pro</strong></span> <span class='ocrx_word' id='word_1_258' title='bbox 639 3158 737 3212; x_wconf 87' lang='lat' dir='ltr'><strong>cumG</strong></span> <span class='ocrx_word' id='word_1_259' title='bbox 791 3155 984 3211; x_wconf 86' lang='lat' dir='ltr'><strong>interfoecitG</strong></span> <span class='ocrx_word' id='word_1_260' title='bbox 1039 3156 1310 3210; x_wconf 85' lang='lat' dir='ltr'><strong>Fatatum—ouidius</strong></span> 
     </span>
     <span class='ocr_line' id='line_1_34' title="bbox 159 3227 1310 3297; baseline 0 -14"><span class='ocrx_word' id='word_1_261' title='bbox 159 3249 207 3283; x_wconf 87' lang='lat' dir='ltr'><strong>non</strong></span> <span class='ocrx_word' id='word_1_262' title='bbox 219 3231 347 3282; x_wconf 83' lang='lat' dir='ltr'><strong>extantia</strong></span> <span class='ocrx_word' id='word_1_263' title='bbox 360 3231 426 3281; x_wconf 89' lang='lat' dir='ltr'><strong>Ask.</strong></span> <span class='ocrx_word' id='word_1_264' title='bbox 522 3229 681 3293; x_wconf 39' lang='lat' dir='ltr'><strong>exauctoxG</strong></span> <span class='ocrx_word' id='word_1_265' title='bbox 774 3227 880 3280; x_wconf 90' lang='lat' dir='ltr'><strong>ouidius</strong></span> <span class='ocrx_word' id='word_1_266' title='bbox 892 3229 932 3282; x_wconf 90' lang='lat' dir='ltr'><strong>M.</strong></span> <span class='ocrx_word' id='word_1_267' title='bbox 944 3231 1027 3280; x_wconf 87' lang='lat' dir='ltr'><em>XIII.</em></span> <span class='ocrx_word' id='word_1_268' title='bbox 1042 3245 1092 3293; x_wconf 83' lang='lat'><strong>249</strong></span> <span class='ocrx_word' id='word_1_269' title='bbox 1130 3230 1237 3297; x_wconf 83' lang='lat' dir='ltr'><strong>Sumpta</strong></span> <span class='ocrx_word' id='word_1_270' title='bbox 1250 3241 1310 3283; x_wconf 86' lang='lat' dir='ltr'><strong>sunt</strong></span> 
     </span>
     <span class='ocr_line' id='line_1_35' title="bbox 159 3300 919 3364; baseline -0.007 -12"><span class='ocrx_word' id='word_1_271' title='bbox 159 3301 221 3353; x_wconf 86' lang='lat' dir='ltr'><strong>haee</strong></span> <span class='ocrx_word' id='word_1_272' title='bbox 232 3320 263 3353; x_wconf 87' lang='lat' dir='ltr'><strong>ex</strong></span> <span class='ocrx_word' id='word_1_273' title='bbox 276 3301 345 3353; x_wconf 87' lang='lat' dir='ltr'><strong>Seru.</strong></span> <span class='ocrx_word' id='word_1_274' title='bbox 358 3300 395 3351; x_wconf 90' lang='lat' dir='ltr'><strong>ad</strong></span> <span class='ocrx_word' id='word_1_275' title='bbox 405 3301 471 3354; x_wconf 88' lang='lat' dir='ltr'><strong>Aen.</strong></span> <span class='ocrx_word' id='word_1_276' title='bbox 484 3302 506 3352; x_wconf 92' lang='lat' dir='ltr'><strong>I.</strong></span> <span class='ocrx_word' id='word_1_277' title='bbox 520 3302 580 3364; x_wconf 83' lang='lat'><strong>469.</strong></span> <span class='ocrx_word' id='word_1_278' title='bbox 917 3335 919 3339; x_wconf 71' lang='lat'><strong>.</strong></span> 
     </span>
    </p>

    <p class='ocr_par' dir='ltr' id='par_1_13' title="bbox 196 3365 1311 3438">
     <span class='ocr_line' id='line_1_36' title="bbox 196 3365 1311 3438; baseline 0.005 -18"><span class='ocrx_word' id='word_1_279' title='bbox 196 3374 257 3436; x_wconf 85' lang='lat'><strong>631.</strong></span> <span class='ocrx_word' id='word_1_280' title='bbox 275 3371 440 3423; x_wconf 85' lang='lat' dir='ltr'><strong>uolcenteG</strong></span> <span class='ocrx_word' id='word_1_281' title='bbox 512 3369 638 3438; x_wconf 69' lang='lat' dir='ltr'><strong>ycareic</strong></span> <span class='ocrx_word' id='word_1_282' title='bbox 701 3365 763 3436; x_wconf 87' lang='lat' dir='ltr'><strong>eius]</strong></span> <span class='ocrx_word' id='word_1_283' title='bbox 777 3369 859 3423; x_wconf 86' lang='lat' dir='ltr'><strong>suaG</strong></span> <span class='ocrx_word' id='word_1_284' title='bbox 930 3367 1114 3423; x_wconf 86' lang='lat' dir='ltr'><strong>TametemC</strong></span> <span class='ocrx_word' id='word_1_285' title='bbox 1166 3367 1226 3438; x_wconf 86' lang='lat' dir='ltr'><strong>rex]</strong></span> <span class='ocrx_word' id='word_1_286' title='bbox 1241 3372 1311 3426; x_wconf 87' lang='lat' dir='ltr'><strong>exG</strong></span> 
     </span>
    </p>
   </div>
   <div class='ocr_carea' id='block_1_4' title="bbox 160 3438 1418 3507">
    <p class='ocr_par' dir='ltr' id='par_1_14' title="bbox 160 3438 1418 3507">
     <span class='ocr_line' id='line_1_37' title="bbox 160 3438 1418 3507; baseline -0.001 -13"><span class='ocrx_word' id='word_1_287' title='bbox 160 3442 226 3495; x_wconf 88' lang='lat' dir='ltr'><strong>Aen.</strong></span> <span class='ocrx_word' id='word_1_288' title='bbox 240 3443 292 3495; x_wconf 89' lang='lat' dir='ltr'><strong>IX.</strong></span> <span class='ocrx_word' id='word_1_289' title='bbox 304 3455 352 3507; x_wconf 83' lang='lat'><strong>327</strong></span> <span class='ocrx_word' id='word_1_290' title='bbox 369 3441 430 3492; x_wconf 88' lang='lat' dir='ltr'><strong>Rex</strong></span> <span class='ocrx_word' id='word_1_291' title='bbox 444 3441 517 3493; x_wconf 90' lang='lat' dir='ltr'><strong>idem</strong></span> <span class='ocrx_word' id='word_1_292' title='bbox 531 3446 559 3492; x_wconf 88' lang='lat' dir='ltr'><strong>et</strong></span> <span class='ocrx_word' id='word_1_293' title='bbox 571 3441 628 3507; x_wconf 87' lang='lat' dir='ltr'><strong>regi</strong></span> <span class='ocrx_word' id='word_1_294' title='bbox 640 3438 738 3491; x_wconf 89' lang='lat' dir='ltr'><strong>Turno</strong></span> <span class='ocrx_word' id='word_1_295' title='bbox 750 3440 918 3504; x_wconf 83' lang='lat' dir='ltr'><strong>gratissimus</strong></span> <span class='ocrx_word' id='word_1_296' title='bbox 929 3455 1016 3506; x_wconf 84' lang='lat' dir='ltr'><strong>augur</strong></span> <span class='ocrx_word' id='word_1_297' title='bbox 1045 3439 1172 3506; x_wconf 87' lang='lat' dir='ltr'><strong>Virgilius</strong></span> <span class='ocrx_word' id='word_1_298' title='bbox 1181 3442 1247 3494; x_wconf 87' lang='lat' dir='ltr'><strong>Aen.</strong></span> <span class='ocrx_word' id='word_1_299' title='bbox 1257 3444 1309 3496; x_wconf 89' lang='lat' dir='ltr'><strong>IX.</strong></span> <span class='ocrx_word' id='word_1_300' title='bbox 1407 3456 1418 3482; x_wconf 73' lang='lat' dir='ltr'><strong>r</strong></span> 
     </span>
    </p>
   </div>
   <div class='ocr_carea' id='block_1_5' title="bbox 149 3510 1374 4575">
    <p class='ocr_par' dir='ltr' id='par_1_15' title="bbox 162 3510 810 3577">
     <span class='ocr_line' id='line_1_38' title="bbox 162 3510 810 3577; baseline -0.002 -14"><span class='ocrx_word' id='word_1_301' title='bbox 162 3529 246 3577; x_wconf 80' lang='lat'><strong>324-3</strong></span> <span class='ocrx_word' id='word_1_302' title='bbox 251 3528 265 3577; x_wconf 84' lang='lat'><strong>5</strong></span> <span class='ocrx_word' id='word_1_303' title='bbox 269 3528 283 3576; x_wconf 86' lang='lat'><strong>5</strong></span> <span class='ocrx_word' id='word_1_304' title='bbox 356 3511 483 3564; x_wconf 86' lang='lat' dir='ltr'><strong>archadie</strong></span> <span class='ocrx_word' id='word_1_305' title='bbox 496 3512 519 3565; x_wconf 87' lang='lat' dir='ltr'><em>C</em></span> <span class='ocrx_word' id='word_1_306' title='bbox 531 3513 610 3564; x_wconf 87' lang='lat' dir='ltr'><strong>nescia</strong></span> <span class='ocrx_word' id='word_1_307' title='bbox 622 3512 686 3564; x_wconf 88' lang='lat' dir='ltr'><strong>unde</strong></span> <span class='ocrx_word' id='word_1_308' title='bbox 698 3510 810 3563; x_wconf 88' lang='lat' dir='ltr'><strong>illatum.</strong></span> 
     </span>
    </p>

    <p class='ocr_par' dir='ltr' id='par_1_16' title="bbox 156 3579 1374 4415">
     <span class='ocr_line' id='line_1_39' title="bbox 196 3579 1309 3650; baseline 0.002 -17"><span class='ocrx_word' id='word_1_309' title='bbox 196 3587 258 3647; x_wconf 84' lang='grc'><strong>633.</strong></span> <span class='ocrx_word' id='word_1_310' title='bbox 277 3582 404 3635; x_wconf 87' lang='lat' dir='ltr'><strong>Persicus</strong></span> <span class='ocrx_word' id='word_1_311' title='bbox 417 3582 498 3634; x_wconf 91' lang='lat' dir='ltr'><strong>Clinii</strong></span> <span class='ocrx_word' id='word_1_312' title='bbox 513 3582 582 3634; x_wconf 90' lang='lat' dir='ltr'><strong>filius</strong></span> <span class='ocrx_word' id='word_1_313' title='bbox 594 3598 610 3634; x_wconf 91' lang='lat' dir='ltr'><strong>a</strong></span> <span class='ocrx_word' id='word_1_314' title='bbox 622 3582 702 3633; x_wconf 90' lang='lat' dir='ltr'><strong>sociis</strong></span> <span class='ocrx_word' id='word_1_315' title='bbox 716 3582 822 3634; x_wconf 91' lang='lat' dir='ltr'><strong>occisus</strong></span> <span class='ocrx_word' id='word_1_316' title='bbox 837 3586 880 3634; x_wconf 92' lang='lat' dir='ltr'><strong>est</strong></span> <span class='ocrx_word' id='word_1_317' title='bbox 898 3596 930 3634; x_wconf 90' lang='lat' dir='ltr'><strong>ac</strong></span> <span class='ocrx_word' id='word_1_318' title='bbox 949 3579 1176 3635; x_wconf 91' lang='lat' dir='ltr'><strong>semicombustus</strong></span> <span class='ocrx_word' id='word_1_319' title='bbox 1195 3587 1309 3650; x_wconf 88' lang='lat' dir='ltr'><strong>propter</strong></span> 
     </span>
     <span class='ocr_line' id='line_1_40' title="bbox 160 3653 1374 3723; baseline 0.001 -17"><span class='ocrx_word' id='word_1_320' title='bbox 160 3654 219 3706; x_wconf 87' lang='lat' dir='ltr'><strong>auri</strong></span> <span class='ocrx_word' id='word_1_321' title='bbox 232 3654 339 3722; x_wconf 88' lang='lat' dir='ltr'><strong>copiam</strong></span> <span class='ocrx_word' id='word_1_322' title='bbox 352 3669 435 3721; x_wconf 88' lang='lat' dir='ltr'><strong>quam</strong></span> <span class='ocrx_word' id='word_1_323' title='bbox 447 3653 566 3706; x_wconf 86' lang='lat' dir='ltr'><strong>habebat</strong></span> <span class='ocrx_word' id='word_1_324' title='bbox 581 3667 674 3705; x_wconf 90' lang='lat' dir='ltr'><strong>secum</strong></span> <span class='ocrx_word' id='word_1_325' title='bbox 687 3654 752 3704; x_wconf 89' lang='lat' dir='ltr'><strong>Ask.</strong></span> <span class='ocrx_word' id='word_1_326' title='bbox 790 3654 891 3705; x_wconf 88' lang='lat' dir='ltr'><strong>Similia</strong></span> <span class='ocrx_word' id='word_1_327' title='bbox 904 3654 979 3706; x_wconf 90' lang='lat' dir='ltr'><strong>habet</strong></span> <span class='ocrx_word' id='word_1_328' title='bbox 993 3654 1071 3706; x_wconf 86' lang='lat' dir='ltr'><strong>Mure</strong></span> <span class='ocrx_word' id='word_1_329' title='bbox 1082 3656 1132 3706; x_wconf 90' lang='lat' dir='ltr'><strong>nisi</strong></span> <span class='ocrx_word' id='word_1_330' title='bbox 1143 3655 1208 3723; x_wconf 86' lang='lat' dir='ltr'><strong>quod</strong></span> <span class='ocrx_word' id='word_1_331' title='bbox 1217 3665 1308 3707; x_wconf 88' lang='lat' dir='ltr'><strong>stran·</strong></span> <span class='ocrx_word' id='word_1_332' title='bbox 1372 3666 1374 3669; x_wconf 83' lang='grc'><strong>“</strong></span> 
     </span>
     <span class='ocr_line' id='line_1_41' title="bbox 156 3724 1307 3793; baseline -0.001 -15"><span class='ocrx_word' id='word_1_333' title='bbox 156 3726 280 3792; x_wconf 87' lang='lat' dir='ltr'><strong>galatum</strong></span> <span class='ocrx_word' id='word_1_334' title='bbox 298 3727 367 3790; x_wconf 89' lang='lat' dir='ltr'><strong>dicit,</strong></span> <span class='ocrx_word' id='word_1_335' title='bbox 386 3725 427 3777; x_wconf 90' lang='lat' dir='ltr'><strong>uel</strong></span> <span class='ocrx_word' id='word_1_336' title='bbox 444 3725 509 3793; x_wconf 87' lang='lat' dir='ltr'><strong>quod</strong></span> <span class='ocrx_word' id='word_1_337' title='bbox 524 3726 715 3776; x_wconf 85' lang='lat' dir='ltr'><strong>semicrematus</strong></span> <span class='ocrx_word' id='word_1_338' title='bbox 737 3724 774 3776; x_wconf 90' lang='lat' dir='ltr'><strong>ad</strong></span> <span class='ocrx_word' id='word_1_339' title='bbox 793 3726 886 3790; x_wconf 88' lang='lat' dir='ltr'><strong>inferos</strong></span> <span class='ocrx_word' id='word_1_340' title='bbox 907 3725 1058 3778; x_wconf 86' lang='lat' dir='ltr'><strong>descenderit</strong></span> <span class='ocrx_word' id='word_1_341' title='bbox 1076 3744 1097 3778; x_wconf 87' lang='lat' dir='ltr'><strong>s.</strong></span> <span class='ocrx_word' id='word_1_342' title='bbox 1116 3745 1141 3778; x_wconf 92' lang='lat' dir='ltr'><strong>u.</strong></span> <span class='ocrx_word' id='word_1_343' title='bbox 1162 3724 1307 3778; x_wconf 83' lang='lat' dir='ltr'><strong>CliniadeS.</strong></span> 
     </span>
     <span class='ocr_line' id='line_1_42' title="bbox 160 3796 1311 3864; baseline 0 -17"><span class='ocrx_word' id='word_1_344' title='bbox 160 3797 277 3849; x_wconf 83' lang='lat' dir='ltr'><strong>Historia</strong></span> <span class='ocrx_word' id='word_1_345' title='bbox 292 3796 411 3861; x_wconf 83' lang='lat' dir='ltr'><strong>fortasse</strong></span> <span class='ocrx_word' id='word_1_346' title='bbox 424 3797 542 3864; x_wconf 84' lang='lat' dir='ltr'><strong>ficticia:</strong></span> <span class='ocrx_word' id='word_1_347' title='bbox 569 3814 632 3863; x_wconf 89' lang='lat' dir='ltr'><strong>quae</strong></span> <span class='ocrx_word' id='word_1_348' title='bbox 653 3804 738 3847; x_wconf 90' lang='lat' dir='ltr'><strong>tamen</strong></span> <span class='ocrx_word' id='word_1_349' title='bbox 760 3814 807 3847; x_wconf 88' lang='lat' dir='ltr'><strong>non</strong></span> <span class='ocrx_word' id='word_1_350' title='bbox 828 3797 901 3864; x_wconf 89' lang='lat' dir='ltr'><strong>longe</strong></span> <span class='ocrx_word' id='word_1_351' title='bbox 921 3816 939 3848; x_wconf 91' lang='lat' dir='ltr'><strong>a</strong></span> <span class='ocrx_word' id='word_1_352' title='bbox 961 3814 1023 3849; x_wconf 85' lang='lat' dir='ltr'><strong>uera</strong></span> <span class='ocrx_word' id='word_1_353' title='bbox 1045 3796 1155 3861; x_wconf 84' lang='lat' dir='ltr'><strong>discedit,</strong></span> <span class='ocrx_word' id='word_1_354' title='bbox 1175 3797 1225 3847; x_wconf 86' lang='lat' dir='ltr'><strong>uisi</strong></span> <span class='ocrx_word' id='word_1_355' title='bbox 1245 3796 1311 3863; x_wconf 88' lang='lat' dir='ltr'><strong>quod</strong></span> 
     </span>
     <span class='ocr_line' id='line_1_43' title="bbox 159 3865 1308 3935; baseline 0.001 -17"><span class='ocrx_word' id='word_1_356' title='bbox 159 3868 276 3918; x_wconf 85' lang='lat' dir='ltr'><strong>Persicus</strong></span> <span class='ocrx_word' id='word_1_357' title='bbox 289 3867 435 3935; x_wconf 81' lang='lat' dir='ltr'><strong>appellatur</strong></span> <span class='ocrx_word' id='word_1_358' title='bbox 449 3869 491 3934; x_wconf 90' lang='lat' dir='ltr'><strong>qui</strong></span> <span class='ocrx_word' id='word_1_359' title='bbox 505 3866 651 3918; x_wconf 79' lang='lat' dir='ltr'><strong>Alcibiades</strong></span> <span class='ocrx_word' id='word_1_360' title='bbox 667 3876 734 3931; x_wconf 87' lang='lat' dir='ltr'><strong>erat,</strong></span> <span class='ocrx_word' id='word_1_361' title='bbox 746 3884 821 3933; x_wconf 88' lang='lat' dir='ltr'><strong>neque</strong></span> <span class='ocrx_word' id='word_1_362' title='bbox 836 3885 854 3918; x_wconf 89' lang='lat' dir='ltr'><strong>a</strong></span> <span class='ocrx_word' id='word_1_363' title='bbox 870 3869 944 3919; x_wconf 89' lang='lat' dir='ltr'><strong>sociis</strong></span> <span class='ocrx_word' id='word_1_364' title='bbox 962 3869 1014 3920; x_wconf 90' lang='lat' dir='ltr'><strong>suis</strong></span> <span class='ocrx_word' id='word_1_365' title='bbox 1033 3867 1073 3918; x_wconf 88' lang='lat' dir='ltr'><strong>hic</strong></span> <span class='ocrx_word' id='word_1_366' title='bbox 1091 3867 1134 3918; x_wconf 90' lang='lat' dir='ltr'><strong>sed</strong></span> <span class='ocrx_word' id='word_1_367' title='bbox 1149 3885 1167 3918; x_wconf 90' lang='lat' dir='ltr'><strong>a</strong></span> <span class='ocrx_word' id='word_1_368' title='bbox 1185 3865 1308 3919; x_wconf 88' lang='lat' dir='ltr'><strong>barbaris</strong></span> 
     </span>
     <span class='ocr_line' id='line_1_44' title="bbox 159 3937 1307 4005; baseline 0 -17"><span class='ocrx_word' id='word_1_369' title='bbox 159 3937 306 4001; x_wconf 84' lang='lat' dir='ltr'><strong>interfectus</strong></span> <span class='ocrx_word' id='word_1_370' title='bbox 317 3947 362 3989; x_wconf 86' lang='lat' dir='ltr'><strong>est.</strong></span> <span class='ocrx_word' id='word_1_371' title='bbox 391 3937 463 3989; x_wconf 91' lang='lat' dir='ltr'><strong>Nam</strong></span> <span class='ocrx_word' id='word_1_372' title='bbox 477 3937 607 3989; x_wconf 85' lang='lat' dir='ltr'><strong>Alcibiadi</strong></span> <span class='ocrx_word' id='word_1_373' title='bbox 618 3956 664 3990; x_wconf 87' lang='lat' dir='ltr'><strong>rex</strong></span> <span class='ocrx_word' id='word_1_374' title='bbox 673 3940 756 3989; x_wconf 87' lang='lat' dir='ltr'><strong>Persa</strong></span> <span class='ocrx_word' id='word_1_375' title='bbox 768 3938 889 4004; x_wconf 83' lang='lat' dir='ltr'><strong>Grynium</strong></span> <span class='ocrx_word' id='word_1_376' title='bbox 902 3938 1005 3989; x_wconf 84' lang='lat' dir='ltr'><strong>dederat</strong></span> <span class='ocrx_word' id='word_1_377' title='bbox 1017 3938 1043 3988; x_wconf 87' lang='lat' dir='ltr'><strong>in</strong></span> <span class='ocrx_word' id='word_1_378' title='bbox 1055 3937 1172 4005; x_wconf 81' lang='lat' dir='ltr'><strong>Phrygia</strong></span> <span class='ocrx_word' id='word_1_379' title='bbox 1184 3947 1307 4001; x_wconf 85' lang='lat' dir='ltr'><strong>castrum,</strong></span> 
     </span>
     <span class='ocr_line' id='line_1_45' title="bbox 159 4003 1307 4076; baseline 0.001 -18"><span class='ocrx_word' id='word_1_380' title='bbox 159 4026 191 4058; x_wconf 85' lang='lat' dir='ltr'><strong>ese</strong></span> <span class='ocrx_word' id='word_1_381' title='bbox 210 4027 256 4075; x_wconf 87' lang='lat' dir='ltr'><strong>qua</strong></span> <span class='ocrx_word' id='word_1_382' title='bbox 274 4009 448 4076; x_wconf 86' lang='lat' dir='ltr'><strong>quinquagena</strong></span> <span class='ocrx_word' id='word_1_383' title='bbox 467 4009 565 4061; x_wconf 86' lang='lat' dir='ltr'><strong>talenta</strong></span> <span class='ocrx_word' id='word_1_384' title='bbox 584 4008 717 4076; x_wconf 84' lang='lat' dir='ltr'><strong>uectigalis</strong></span> <span class='ocrx_word' id='word_1_385' title='bbox 735 4009 849 4075; x_wconf 87' lang='lat' dir='ltr'><strong>capiebat</strong></span> <span class='ocrx_word' id='word_1_386' title='bbox 868 4007 953 4076; x_wconf 84' lang='lat' dir='ltr'><strong>(Corn.</strong></span> <span class='ocrx_word' id='word_1_387' title='bbox 973 4007 1038 4075; x_wconf 86' lang='lat' dir='ltr'><strong>Nep.</strong></span> <span class='ocrx_word' id='word_1_388' title='bbox 1057 4008 1142 4059; x_wconf 88' lang='lat' dir='ltr'><strong>Alcib.</strong></span> <span class='ocrx_word' id='word_1_389' title='bbox 1156 4003 1194 4072; x_wconf 87' lang='lat'><strong>9),</strong></span> <span class='ocrx_word' id='word_1_390' title='bbox 1213 4017 1241 4059; x_wconf 90' lang='lat' dir='ltr'><strong>ut</strong></span> <span class='ocrx_word' id='word_1_391' title='bbox 1259 4025 1307 4059; x_wconf 88' lang='lat' dir='ltr'><strong>nan</strong></span> 
     </span>
     <span class='ocr_line' id='line_1_46' title="bbox 160 4077 1306 4147; baseline -0.002 -17"><span class='ocrx_word' id='word_1_392' title='bbox 160 4080 287 4131; x_wconf 87' lang='lat' dir='ltr'><strong>immerito</strong></span> <span class='ocrx_word' id='word_1_393' title='bbox 294 4090 399 4147; x_wconf 85' lang='lat' dir='ltr'><strong>propter</strong></span> <span class='ocrx_word' id='word_1_394' title='bbox 410 4097 503 4131; x_wconf 88' lang='lat' dir='ltr'><strong>aurum</strong></span> <span class='ocrx_word' id='word_1_395' title='bbox 516 4081 608 4131; x_wconf 88' lang='lat' dir='ltr'><strong>occisus</strong></span> <span class='ocrx_word' id='word_1_396' title='bbox 620 4079 670 4130; x_wconf 88' lang='lat' dir='ltr'><strong>dici</strong></span> <span class='ocrx_word' id='word_1_397' title='bbox 677 4081 797 4146; x_wconf 85' lang='lat' dir='ltr'><strong>potuerit,</strong></span> <span class='ocrx_word' id='word_1_398' title='bbox 810 4079 1016 4145; x_wconf 86' lang='lat' dir='ltr'><strong>quemadmodum</strong></span> <span class='ocrx_word' id='word_1_399' title='bbox 1029 4080 1051 4130; x_wconf 94' lang='lat' dir='ltr'><strong>ei</strong></span> <span class='ocrx_word' id='word_1_400' title='bbox 1060 4088 1165 4146; x_wconf 84' lang='lat' dir='ltr'><strong>propter</strong></span> <span class='ocrx_word' id='word_1_401' title='bbox 1174 4077 1306 4145; x_wconf 86' lang='lat' dir='ltr'><strong>pecuniam</strong></span> 
     </span>
     <span class='ocr_line' id='line_1_47' title="bbox 159 4148 1306 4218; baseline -0.003 -16"><span class='ocrx_word' id='word_1_402' title='bbox 159 4150 213 4202; x_wconf 89' lang='lat' dir='ltr'><strong>iam</strong></span> <span class='ocrx_word' id='word_1_403' title='bbox 226 4161 285 4203; x_wconf 87' lang='lat' dir='ltr'><strong>ante</strong></span> <span class='ocrx_word' id='word_1_404' title='bbox 297 4150 404 4202; x_wconf 71' lang='lat' dir='ltr'><strong>Thraces</strong></span> <span class='ocrx_word' id='word_1_405' title='bbox 417 4150 523 4201; x_wconf 84' lang='lat' dir='ltr'><strong>insidias</strong></span> <span class='ocrx_word' id='word_1_406' title='bbox 525 4154 647 4216; x_wconf 79' lang='lat' dir='ltr'><strong>jecerant</strong></span> <span class='ocrx_word' id='word_1_407' title='bbox 659 4149 734 4218; x_wconf 85' lang='lat' dir='ltr'><strong>(Nep.</strong></span> <span class='ocrx_word' id='word_1_408' title='bbox 745 4148 783 4217; x_wconf 87' lang='lat'><strong>9).</strong></span> <span class='ocrx_word' id='word_1_409' title='bbox 813 4151 943 4201; x_wconf 91' lang='lat' dir='ltr'><strong>Persicum</strong></span> <span class='ocrx_word' id='word_1_410' title='bbox 956 4166 1013 4200; x_wconf 86' lang='lat' dir='ltr'><strong>uero</strong></span> <span class='ocrx_word' id='word_1_411' title='bbox 1025 4167 1043 4200; x_wconf 91' lang='lat' dir='ltr'><strong>a</strong></span> <span class='ocrx_word' id='word_1_412' title='bbox 1055 4148 1177 4200; x_wconf 89' lang='lat' dir='ltr'><strong>barbaris</strong></span> <span class='ocrx_word' id='word_1_413' title='bbox 1190 4158 1306 4200; x_wconf 88' lang='lat' dir='ltr'><strong>uocatum</strong></span> 
     </span>
     <span class='ocr_line' id='line_1_48' title="bbox 160 4218 1307 4287; baseline -0.003 -16"><span class='ocrx_word' id='word_1_414' title='bbox 160 4223 268 4273; x_wconf 86' lang='lat' dir='ltr'><strong>conicias</strong></span> <span class='ocrx_word' id='word_1_415' title='bbox 286 4218 443 4271; x_wconf 83' lang='lat' dir='ltr'><strong>Alcibiadem</strong></span> <span class='ocrx_word' id='word_1_416' title='bbox 461 4231 594 4287; x_wconf 87' lang='lat' dir='ltr'><strong>tamquam</strong></span> <span class='ocrx_word' id='word_1_417' title='bbox 612 4239 630 4272; x_wconf 93' lang='lat' dir='ltr'><strong>a</strong></span> <span class='ocrx_word' id='word_1_418' title='bbox 649 4237 706 4286; x_wconf 88' lang='lat' dir='ltr'><strong>rege</strong></span> <span class='ocrx_word' id='word_1_419' title='bbox 723 4222 806 4273; x_wconf 84' lang='lat' dir='ltr'><strong>Persa</strong></span> <span class='ocrx_word' id='word_1_420' title='bbox 824 4221 939 4284; x_wconf 88' lang='lat' dir='ltr'><strong>missum,</strong></span> <span class='ocrx_word' id='word_1_421' title='bbox 957 4219 1087 4271; x_wconf 89' lang='lat' dir='ltr'><strong>insolitum</strong></span> <span class='ocrx_word' id='word_1_422' title='bbox 1104 4236 1191 4270; x_wconf 86' lang='lat' dir='ltr'><strong>nomen</strong></span> <span class='ocrx_word' id='word_1_423' title='bbox 1209 4218 1307 4284; x_wconf 86' lang='lat' dir='ltr'><strong>refugi-</strong></span> 
     </span>
     <span class='ocr_line' id='line_1_49' title="bbox 157 4289 1308 4359; baseline -0.003 -16"><span class='ocrx_word' id='word_1_424' title='bbox 157 4292 263 4344; x_wconf 86' lang='lat' dir='ltr'><strong>entibus.</strong></span> <span class='ocrx_word' id='word_1_425' title='bbox 312 4291 428 4343; x_wconf 85' lang='lat' dir='ltr'><strong>Geterum</strong></span> <span class='ocrx_word' id='word_1_426' title='bbox 449 4308 510 4343; x_wconf 90' lang='lat' dir='ltr'><strong>uera</strong></span> <span class='ocrx_word' id='word_1_427' title='bbox 531 4291 662 4359; x_wconf 83' lang='lat' dir='ltr'><strong>explicatio</strong></span> <span class='ocrx_word' id='word_1_428' title='bbox 683 4290 713 4342; x_wconf 88' lang='lat' dir='ltr'><strong>de</strong></span> <span class='ocrx_word' id='word_1_429' title='bbox 733 4290 868 4342; x_wconf 85' lang='lat' dir='ltr'><strong>Alcibiade</strong></span> <span class='ocrx_word' id='word_1_430' title='bbox 888 4299 961 4342; x_wconf 85' lang='lat' dir='ltr'><strong>extat</strong></span> <span class='ocrx_word' id='word_1_431' title='bbox 986 4291 1012 4341; x_wconf 86' lang='lat' dir='ltr'><strong>in</strong></span> <span class='ocrx_word' id='word_1_432' title='bbox 1037 4289 1088 4341; x_wconf 86' lang='lat' dir='ltr'><strong>cad.</strong></span> <span class='ocrx_word' id='word_1_433' title='bbox 1114 4291 1145 4352; x_wconf 88' lang='lat'><strong>36</strong></span> <span class='ocrx_word' id='word_1_434' title='bbox 1170 4289 1308 4341; x_wconf 82' lang='lat' dir='ltr'><strong>Seminarii</strong></span> 
     </span>
     <span class='ocr_line' id='line_1_50' title="bbox 158 4358 632 4415; baseline 0.008 -2"><span class='ocrx_word' id='word_1_435' title='bbox 158 4363 289 4415; x_wconf 87' lang='lat' dir='ltr'><strong>Patauini.</strong></span> <span class='ocrx_word' id='word_1_436' title='bbox 630 4358 632 4363; x_wconf 43' lang='lat'><strong><em>¹</em></strong></span> 
     </span>
    </p>

    <p class='ocr_par' dir='ltr' id='par_1_17' title="bbox 195 4430 769 4498">
     <span class='ocr_line' id='line_1_51' title="bbox 195 4430 769 4498; baseline 0.005 -17"><span class='ocrx_word' id='word_1_437' title='bbox 195 4435 210 4481; x_wconf 90' lang='lat'><strong>6</strong></span> <span class='ocrx_word' id='word_1_438' title='bbox 215 4449 228 4496; x_wconf 85' lang='grc'><strong>3</strong></span> <span class='ocrx_word' id='word_1_439' title='bbox 232 4449 255 4496; x_wconf 83' lang='lat'><strong>5.</strong></span> <span class='ocrx_word' id='word_1_440' title='bbox 275 4430 368 4483; x_wconf 88' lang='lat' dir='ltr'><strong>nescio</strong></span> <span class='ocrx_word' id='word_1_441' title='bbox 381 4445 434 4498; x_wconf 90' lang='lat' dir='ltr'><strong>qua</strong></span> <span class='ocrx_word' id='word_1_442' title='bbox 447 4431 483 4483; x_wconf 83' lang='lat' dir='ltr'><strong>bis</strong></span> <span class='ocrx_word' id='word_1_443' title='bbox 499 4432 521 4484; x_wconf 91' lang='lat' dir='ltr'><em>G</em></span> <span class='ocrx_word' id='word_1_444' title='bbox 592 4430 728 4497; x_wconf 88' lang='lat' dir='ltr'><strong>contignit</strong></span> <span class='ocrx_word' id='word_1_445' title='bbox 741 4431 769 4484; x_wconf 86' lang='lat' dir='ltr'><strong>C.</strong></span> 
     </span>
    </p>

    <p class='ocr_par' dir='ltr' id='par_1_18' title="bbox 149 4501 1087 4575">
     <span class='ocr_line' id='line_1_52' title="bbox 149 4501 1087 4575; baseline 0.003 -23"><span class='ocrx_word' id='word_1_446' title='bbox 149 4571 151 4575; x_wconf 23' lang='grc' dir='ltr'>Ι</span> <span class='ocrx_word' id='word_1_447' title='bbox 195 4506 257 4566; x_wconf 86' lang='lat'><strong>637.</strong></span> <span class='ocrx_word' id='word_1_448' title='bbox 276 4503 459 4570; x_wconf 86' lang='lat' dir='ltr'><strong>sequanturC</strong></span> <span class='ocrx_word' id='word_1_449' title='bbox 538 4502 667 4568; x_wconf 83' lang='lat' dir='ltr'><strong>gethasc</strong></span> <span class='ocrx_word' id='word_1_450' title='bbox 746 4501 899 4555; x_wconf 87' lang='lat' dir='ltr'><strong>monacoG</strong></span> <span class='ocrx_word' id='word_1_451' title='bbox 976 4506 1039 4567; x_wconf 86' lang='lat' dir='ltr'><strong>gete</strong></span> <span class='ocrx_word' id='word_1_452' title='bbox 1054 4501 1087 4555; x_wconf 87' lang='lat' dir='ltr'><strong>G.</strong></span> 
     </span>
    </p>
   </div>
   <div class='ocr_carea' id='block_1_6' title="bbox 0 0 1568 4980">
    <p class='ocr_par' dir='ltr' id='par_1_19' title="bbox 0 0 1568 4980">
     <span class='ocr_line' id='line_1_53' title="bbox 0 0 1568 4980; baseline 0 3"><span class='ocrx_word' id='word_1_453' title='bbox 0 0 1568 4980; x_wconf 95' lang='lat' dir='ltr'><strong> </strong></span> 
     </span>
    </p>
   </div>
  </div>
 </body>
</html>
