3126 4980
640 379 684 438 IN
707 379 802 440 IBIN.
1259 385 1298 439 67

148 534 178 593 Ν
182 537 503 614 yctimenequesuo.
518 535 701 596 FiliaTties-
785 536 895 595 Mirrha
918 554 985 594 cum
1007 535 1115 596 Cinara
1139 545 1220 613 patre
1243 553 1303 596 suo·

72 636 73 641 ¹
148 617 185 674 tis
195 628 350 693 compatre
360 618 703 688 suoconcubuit,Mirrlra
744 618 873 677 similiter
890 617 1054 677 concubuit.
1099 615 1134 676 C.

149 698 285 772 similiter,
297 716 426 758 necnon
435 697 611 757 Nictimene.
635 698 672 760 G.
788 699 953 758 Nictimene
967 716 1035 756 cum
1049 708 1131 773 patre
1148 716 1202 757 suo
1217 698 1297 773 simi¹

745 780 809 839 liter
822 780 988 838 concubuit.
1032 778 1066 838 C.

188 862 255 934 361.
270 860 381 932 Quam
397 879 458 919 sua
471 860 525 918 uel
536 861 701 930 Pterelae,
788 861 977 937 *Calocarpis
988 859 1035 919 uel
1050 859 1211 920 secundum
1225 860 1300 920 alios

148 942 205 1000 uel
239 942 309 1012 tibi,
339 941 431 1011 Nise,
464 941 537 1000 fuit.
589 940 704 1002 *Altera
744 942 851 1002 Althea
878 941 1028 1001 Pterelam
1055 951 1168 1018 patrem
1201 942 1298 1017 capite

150 1021 258 1100 (Alteia
271 1023 310 1081 ed.
325 1023 413 1102 Par.)
428 1023 572 1081 Pterelam
591 1033 703 1099 patrem
744 1024 888 1082 truncauit
916 1022 997 1099 quod
1028 1041 1128 1081 secum
1161 1040 1298 1081 concum-

149 1103 702 1176 suumtruncauit,etfiliaNisisimiliter.
745 1106 813 1164 bere
828 1104 954 1163 nolebat.
996 1102 1094 1163 Mure.

153 1184 219 1244 Cod.
235 1185 430 1263 Salaagm'z'et
444 1187 482 1244 ed.
497 1186 598 1245 Poris.
617 1198 703 1262 1573.
788 1186 953 1262 *Poli'capis
973 1184 1096 1244 Altheae
1116 1193 1145 1243 et
1161 1183 1297 1260 Pterelae
1332 1245 1334 1250 Α

429 1307 432 1311 ·
745 1266 803 1325 filia
821 1276 934 1342 patrem
956 1284 1040 1324 suum
1054 1266 1204 1325 Pterelam
1220 1275 1299 1324 trun·

746 1349 822 1407 cauit
844 1342 965 1428 [capite]
987 1348 1056 1424 quia
1077 1365 1145 1406 cum
1170 1365 1205 1407 ea
1229 1365 1299 1406 con-

746 1431 878 1488 cumbere
894 1429 993 1488 uoluit.
1039 1428 1066 1488 C
1078 1427 1149 1487 Ast.

193 1512 260 1585 364.
295 1510 533 1588 Infamemque
575 1511 700 1571 locum.

150 1590 236 1651 Haec
265 1592 317 1650 fuit
336 1593 394 1651 filia
412 1591 504 1652 Seruii
528 1593 603 1668 regis
627 1611 702 1670 quae

149 1685 261 1750 patrem
276 1674 388 1732 cecidit.
424 1674 501 1732 unde
516 1675 598 1733 uicus
613 1675 702 1733 scele-

149 1765 227 1813 ratus
242 1754 352 1814 dicitur.
400 1755 468 1813 dicit
482 1755 567 1831 igitur
582 1764 631 1813 tua
645 1756 702 1813 filia

149 1837 191 1894 sic
200 1836 350 1894 interficiat
359 1845 387 1895 te
396 1837 470 1895 sicut
479 1836 527 1894 illa
536 1854 611 1913 quae
620 1836 703 1895 fecit

149 1916 301 1975 161313.γ
325 1917 364 1976 P.
533 1925 537 1932 '

191 2000 259 2073 366.
287 1997 330 2057 Vt
377 1999 519 2059 iuuenes
571 2017 701 2075 pereas.
785 1997 911 2057 quenes
932 2016 1001 2057 cum
1017 1996 1222 2074 Hippodamia
1243 1995 1299 2056 Oe-

152 2077 320 2138 Oenomaus
348 2098 400 2138 rex
423 2081 522 2155 procis
546 2079 702 2157 ffippoda·
743 2080 843 2139 nomai
864 2080 922 2138 filia
943 2097 1030 2138 cursu
1051 2088 1194 2138 certantes
1213 2078 1250 2136 ab
1264 2097 1299 2138 ea

148 2160 223 2218 miae
251 2160 326 2218 filiae
351 2179 420 2219 suae
445 2161 542 2236 legem
570 2161 649 2220 dedit
671 2171 704 2220 ut
745 2160 850 2219 deuicti
874 2162 911 2218 ab
940 2159 1092 2219 Oenomao
1113 2170 1180 2219 sunt
1205 2161 1299 2236 capite

147 2242 273 2300 uictores
282 2259 348 2299 eam
358 2242 503 2314 ducerent,
513 2243 580 2300 uicti
590 2252 704 2301 trunca·
745 2241 922 2300 detruncati:
948 2259 1073 2318 quorum
1094 2241 1190 2318 capita
1212 2259 1300 2317 super

148 2332 254 2393 rentur,
264 2330 293 2380 et
302 2322 358 2380 hac
373 2322 437 2398 lege
452 2325 534 2382 multi
548 2324 702 2400 perierunt.
744 2332 844 2399 portas
859 2323 943 2382 Pisae
954 2324 1146 2399 ponebantur.
1179 2322 1298 2382 tandem

148 2403 266 2461 tandem
286 2404 333 2462 illa
347 2423 365 2461 a
379 2404 488 2480 Pelope
503 2406 533 2462 in
553 2423 639 2463 cursu
652 2406 703 2464 de·
745 2403 946 2480 Hippodamia
960 2404 1074 2462 deuicta
1088 2423 1105 2462 a
1118 2403 1228 2480 Pelope
1241 2403 1299 2462 Oe·

147 2484 224 2542 uicta
238 2495 386 2543 truncatus
401 2495 444 2544 est
458 2486 495 2543 ab
510 2487 571 2563 ipso
585 2487 701 2562 Pelope.
744 2504 869 2544 nomaus
903 2482 1010 2564 [capite
1045 2494 1194 2544 truncatus
1230 2481 1298 2564 est].

148 2564 287 2624 Mirtilum
322 2584 393 2625 uero
425 2567 538 2642 puellae
573 2569 702 2643 aurigam
744 2567 871 2624 Mirtz'las
905 2575 995 2625 autem
1028 2568 1128 2643 auriga
1163 2567 1210 2625 cui
1243 2566 1298 2624 Pe-

147 2647 262 2721 primos
278 2647 450 2706 concubitus
470 2658 619 2725 petentem
635 2650 704 2725 quia
743 2648 809 2724 lops
818 2649 929 2724 primos
939 2648 1110 2707 concubitus
1119 2647 1298 2724 promiserat,

147 2745 217 2786 axes
235 2728 451 2786 machinauerat
471 2730 577 2805 quibus
598 2747 703 2789 omnes
744 2731 826 2788 cuins
840 2729 946 2788 auxilio
960 2731 1025 2806 ipse
1040 2730 1155 2799 uicerat,
1169 2729 1238 2805 quia
1252 2747 1299 2787 ce-

148 2810 303 2883 superabat
323 2810 354 2866 in
368 2827 449 2867 mare
462 2812 583 2886 proiecit
594 2830 605 2868 :·
624 2811 702 2869 unde
743 2829 825 2868 reum
837 2829 922 2868 axem
933 2812 964 2868 in
975 2829 1060 2869 curru
1071 2810 1186 2878 fecerat,
1195 2810 1227 2867 in
1237 2828 1298 2867 ma-

148 2888 250 2948 dicitur
265 2889 407 2948 Minoum
421 2908 509 2949 mare.
555 2891 591 2951 G.
743 2910 775 2949 re
787 2891 934 2967 proiectus
951 2901 1004 2963 est,
1019 2909 1036 2948 a
1056 2909 1115 2967 quo
1133 2909 1213 2949 mare
1228 2890 1298 2948 Mir-

745 2982 829 3030 toum
842 2981 965 3031 uocatur
986 2968 1110 3053 [require
1125 2974 1156 3030 in
1166 2967 1298 3052 Metaon}
1400 3043 1403 3049 ἱ

746 3052 891 3111 CaAm

148 3133 267 3187 mirraG
336 3149 436 3203 cynara
448 3135 477 3188 G.

185 3207 245 3268 362.
263 3203 396 3258 therelam
410 3207 487 3258 Mare
526 3205 625 3256 Eadem
638 3206 699 3256 dicit
715 3224 770 3257 s.u.
784 3202 917 3256 Cherelus
953 3203 1024 3255 altee
1041 3203 1127 3268 magis
1139 3207 1167 3255 et
1178 3202 1264 3256 tetele
1278 3205 1303 3258 G.

147 3276 246 3327 correxi
257 3295 289 3327 ex
303 3276 367 3329 A'sk.
415 3274 567 3328 terelemC
612 3273 713 3344 capite]
729 3273 815 3328 om.G
855 3288 919 3325 cum
932 3273 989 3340 ipsa
1002 3273 1193 3326 concubereC
1235 3275 1298 3326 His-

148 3347 215 3398 toria
224 3346 333 3413 ficticia‚
345 3346 431 3411 ducta,
446 3357 474 3400 ut
492 3345 600 3410 uidetur,
612 3366 643 3398 ex
656 3346 732 3414 Falg.
745 3346 827 3412 Myth.
841 3347 892 3398 ΙΙΙ.
907 3362 921 3396 a
939 3344 982 3398 ubi
993 3345 1113 3397 Perdicae
1130 3355 1215 3397 mater
1229 3345 1298 3397 cuius

147 3433 234 3467 amore
252 3427 376 3484 correptus
395 3427 454 3470 erat
464 3417 597 3482 Polycaste
614 3418 688 3485 quasi
702 3416 841 3484 Polycarpe
858 3415 959 3468 dicitur.
996 3414 1140 3468 Scholiasta
1157 3416 1181 3468 G
1198 3417 1299 3470 errauit

138 3486 267 3550 fabulam
289 3488 318 3538 de
336 3489 409 3540 Arae
426 3507 490 3554 quae
505 3489 630 3555 patriam*
647 3507 713 3541 auro
727 3486 841 3555 prodidit
861 3483 939 3554 (Met.
960 3485 1018 3538 V11.
1037 3483 1100 3553 465)
1119 3485 1297 3553 interpretans.

148 3555 244 3608 Auene
263 3556 317 3608 filia
335 3557 398 3624 pilia
415 3557 515 3625 pietele
530 3557 559 3626 (l.
573 3558 665 3609 Arene
683 3557 737 3610 filia
750 3556 885 3625 Pterelae)
900 3555 1013 3608 tradidit
1031 3562 1138 3624 patrem
1155 3571 1234 3609 suum
1253 3556 1303 3610 uel.

148 3639 266 3691 egenum
278 3632 392 3694 propter
404 3642 509 3681 aurum.
545 3627 618 3680 unde
631 3633 739 3689 mutata
750 3633 792 3680 est
804 3627 832 3679 in
842 3626 1025 3680 monedulam.

186 3699 245 3760 3⁶4·
265 3698 369 3749 Seruilii
386 3701 411 3750 P
499 3699 594 3751 Misere
617 3701 717 3752 errauit
738 3699 921 3751 scholiastaG
958 3697 1068 3750 Seruius
1087 3695 1194 3749 Tullius
1215 3695 1303 3750 filiam.

147 3764 242 3818 habuit
254 3783 317 3820 cnm
337 3784 391 3836 qua
405 3767 467 3836 quia
485 3769 573 3821 noluit
589 3767 737 3822 adulterari
753 3769 798 3821 illa
810 3783 873 3822 eum
889 3768 966 3834 equis
978 3768 1117 3834 alligatum
1130 3767 1255 3820 distraxit
1268 3773 1297 3820 et

148 3835 272 3889 membra
284 3837 341 3890 eius
353 3838 495 3892 contriuit.
524 3840 614 3892 Locus
626 3855 694 3892 uero
704 3840 805 3892 dicitur
817 3839 970 3892 sceleratus.
990 3837 1087 3891 *Vnde
1097 3837 1192 3890 Gallus
1201 3837 1297 3890 Noluit

148 3922 207 3959 esse
219 3923 267 3961 sue
280 3915 345 3960 nate
357 3914 435 3975 pater
454 3925 488 3961 ex
506 3914 585 3977 patre
602 3925 695 3963 mecus
709 3911 802 3978 Atque
820 3909 903 3975 igitur
914 3913 978 3962 nate
991 3909 1106 3961 crimine
1118 3913 1215 3975 captus
1228 3913 1296 3973 erat,

148 3995 211 4046 quae
234 3978 319 4031 eadem
344 3978 419 4032 habet
443 3980 466 4032 C
486 3980 531 4033 sed
552 3981 664 4034 alterum
690 4001 715 4034 a.
739 3981 776 4033 sic
797 3981 889 4047 Atque
914 3980 936 4032 is
960 3979 1074 4032 crimine
1097 3984 1177 4030 natus
1201 3993 1304 4030 seruus>

148 4047 218 4099 obiit
235 4046 276 4116 (f.
289 4048 381 4117 Atque
400 4048 439 4102 ita
455 4050 490 4102 de
508 4057 589 4102 natae
606 4051 722 4103 crimine
738 4066 834 4104 seruus
851 4048 931 4117 obit).
968 4051 1053 4103 Addit.
1064 4058 1149 4102 tamen
1169 4049 1191 4101 C
1207 4067 1302 4101 ueram.-

148 4117 378 4186 intetpretationem
395 4139 427 4171 ex
445 4119 526 4173 Liuio.
563 4121 642 4174 Iidem
660 4140 748 4175 uersas
766 4132 856 4174 extant
874 4123 906 4173 ia
919 4120 957 4173 ed.
974 4123 1060 4174 Paris.
1080 4134 1158 4184 1573,
1173 4118 1243 4171 alter
1260 4121 1303 4169 sic·

147 4191 258 4257 scriptus
267 4189 360 4256 Atque
374 4189 436 4243 ideo
448 4195 529 4243 natae
541 4192 655 4244 crimine
666 4207 760 4245 seruus
773 4191 840 4253 obit.

185 4261 246 4323 366.
274 4259 456 4326 ipodomieG
537 4261 594 4328 ipsa
617 4262 715 4330 pelope
741 4263 770 4316 (ι’
847 4260 978 4312 mirtoum
1001 4261 1025 4313 G
1098 4257 1250 4309 mirthoum
1273 4258 1303 4310 G·

147 4328 292 4397 ypodamia
315 4330 396 4383 roc
424 4381 430 4393 ,
471 4331 560 4398 capite
584 4338 728 4385 truncatus
753 4337 795 4385 est
819 4331 908 4384 addidi
931 4350 963 4382 ex
991 4332 1054 4385 Ask.
1132 4327 1254 4381 Mirtous
1276 4329 1302 4382 C-

147 4399 281 4453 mirthous
294 4403 358 4457 Ask.
420 4402 504 4453 autC
563 4403 701 4471 primusG
758 4402 909 4455 mirtouum
922 4402 950 4456 G.
1015 4401 1118 4454 Meta⁰⁸
1130 4402 1182 4452 imo
1193 4399 1303 4453 Heroid..

149 4472 224 4526 XVI.
240 4477 299 4525 208.

695 4557 760 4610 Μ
