3082 4980
243 423 283 463 xx
651 406 978 468 PROLEGOMENA.

242 566 409 638 etiamnunc
429 585 581 644 superesse
602 568 773 642 creduntur;
795 568 873 627 unde
891 569 1015 630 Ouidius
1036 569 1086 645 qui
1106 568 1137 626 in
1154 568 1236 628 Ibide
1253 569 1394 646 plurimas

241 648 407 708 huiusmodi
433 650 567 708 historias
595 647 659 729 (57)
685 651 860 726 conquisiuit
887 651 1038 709 inimicum
1066 650 1187 709 ‘fabulis
1212 652 1280 721 suis,
1309 651 1394 728 quasi

241 731 365 806 propriis
378 729 482 801 armis,’
497 730 676 806 iugulaturus
690 733 794 790 merito
813 731 873 790 luit.
915 726 960 810 (3)
982 732 1063 808 quod
1066 733 1321 808 familiarissimus
1325 733 1397 807 fuit

244 810 345 870 Ouidio
360 819 474 886 poetae:
496 811 557 870 Ibis
578 823 675 871 autem
694 822 845 889 tamquam
863 814 933 870 male
945 815 1028 888 fidus
1043 811 1107 892 (85)
1122 822 1152 871 et
1166 814 1293 889 perfidus
1307 811 1393 892 (130)

241 893 377 967 arguitur,
400 892 559 970 diciturque
574 896 702 974 gratiam
725 912 792 954 cum
814 893 923 954 Ouidio
944 896 1096 953 commissis
1116 896 1177 952 suis
1197 896 1303 970 rupisse
1316 892 1393 974 (40),

240 973 320 1031 unde
334 973 422 1032 etiam
437 974 514 1032 nulla
528 975 566 1034 ad
581 975 734 1053 Hyginum
749 977 910 1034 nomenatim
926 977 1031 1052 scripta
1050 986 1128 1034 extet
1146 976 1269 1053 epistula
1289 995 1342 1035 nec
1362 977 1393 1033 in

241 1054 387 1115 Tristibus
408 1074 463 1114 nec
485 1056 515 1113 in
535 1057 614 1115 libris
632 1057 668 1115 de
683 1057 786 1115 Ponto.
832 1055 877 1135 (4)
892 1056 973 1134 quod
993 1059 1138 1116 admodum
1153 1067 1264 1133 pauper
1285 1059 1397 1115 decessit

241 1134 388 1213 Hyginus,
401 1137 480 1213 quod
495 1136 532 1195 de
546 1139 664 1196 inimico
680 1156 733 1196 suo
746 1137 869 1197 Ouidius
880 1138 973 1197 innuit
985 1158 1053 1215 419,
1067 1158 1126 1210 420
1137 1138 1234 1197 Fc'lcus
1243 1146 1270 1197 et
1281 1137 1394 1198 Cereris

229 1217 356 1297 frustra
370 1217 424 1274 tebi
432 1229 535 1295 semper
548 1225 654 1277 ametur
667 1219 858 1295 Destituatque
875 1226 939 1277 tuas
959 1239 1042 1295 usque
1056 1222 1161 1295 petitus
1175 1230 1242 1295 apes,
1257 1231 1286 1279 et
1300 1219 1394 1296 (quod

241 1297 321 1357 addit
341 1296 512 1376 Merkelius)
530 1303 589 1374 580
603 1300 714 1358 Perdat
732 1302 762 1359 ab
783 1302 905 1377 exiguas
925 1309 949 1359 te
969 1309 1033 1359 tuus
1054 1302 1147 1377 hospes
1168 1312 1234 1375 apes.
1278 1301 1394 1375 Quibus

241 1380 329 1438 etiam
344 1379 414 1438 illud
428 1381 613 1440 adiciendum
628 1392 696 1452 erat,
712 1381 791 1458 quod
805 1383 835 1440 in
850 1381 962 1457 Hygini
976 1382 1095 1440 Fabulis
1114 1382 1190 1440 unus
1211 1391 1289 1441 certe
1310 1382 1393 1441 locus

241 1470 285 1519 est
306 1479 394 1538 quem
415 1480 451 1520 ex
473 1461 555 1521 Ibide
577 1465 733 1540 sumpserit
753 1464 839 1522 cxxiii
859 1466 938 1522 cuius
959 1461 1151 1542 (Neoptolemi)
1173 1483 1234 1522 ossa
1249 1474 1303 1539 per
1317 1464 1394 1540 fines

239 1541 411 1601 Ambraciae
428 1553 529 1618 sparsa
549 1550 622 1617 sunt,
637 1545 673 1604 cf.
688 1544 731 1602 Ib.
748 1564 806 1619 304
824 1543 933 1620 Sparsa
950 1555 1003 1620 per
1016 1545 1185 1604 Ambracias
1199 1565 1266 1621 quae
1283 1545 1395 1602 tacuere

239 1626 304 1682 uias
326 1622 479 1702 (Schmidt.
504 1625 583 1703 Hyg.
613 1646 641 1703 p.
663 1624 764 1704 xxxi),
795 1627 851 1684 nisi
876 1627 923 1685 cui
947 1626 1021 1685 forte
1045 1637 1074 1685 ct
1098 1626 1156 1685 hoc
1181 1637 1210 1685 et
1234 1627 1289 1685 alia
1311 1625 1394 1684 uelut

239 1703 391 1764 historiam
419 1706 455 1765 de
478 1708 581 1767 Thaso
610 1706 735 1788 (ccxlvii)
765 1706 888 1767 Ouidius
913 1708 1011 1784 potius
1036 1710 1073 1766 ab
1097 1707 1219 1784 Hygino
1243 1716 1393 1766 mutuatus
1440 1771 1443 1776 ⁵

239 1786 333 1846 uideri
352 1797 457 1864 potest„
502 1788 561 1848 Sed
578 1790 677 1849 sanius
697 1791 733 1849 de
752 1808 783 1848 re
803 1789 911 1848 difficili
930 1789 1017 1849 credo
1037 1789 1195 1847 iudicatum
1216 1787 1252 1846 iri
1272 1790 1296 1847 si
1317 1807 1394 1865 quae

240 1868 278 1927 de
295 1867 378 1928 Ibide
397 1870 569 1944 significauit
584 1870 707 1931 Ouidius
726 1871 826 1929 omnia
845 1871 929 1946 quasi
947 1888 1008 1929 uno
1028 1880 1191 1947 conspectu
1210 1871 1301 1929 oculis
1322 1870 1394 1929 sub-

240 1949 344 2009 iecer0.
388 1951 472 2022 Quae
487 1952 572 2028 igitur
587 1952 658 2011 dixit
671 1954 702 2010 in
716 1953 844 2010 carmine
859 1961 926 2010 sunt
940 1951 1021 2011 haec.

285 2049 310 2089 1.
333 2030 369 2089 In
385 2031 485 2091 Africa
505 2043 590 2092 natus
612 2042 665 2104 est,
682 2043 774 2091 matre
795 2033 923 2108 ignobili,
938 2044 967 2091 et
988 2044 1019 2092 ut
1038 2033 1152 2092 uidetur
1166 2032 1247 2091 Afra.
1290 2051 1356 2103 221,
1375 2052 1392 2090 2

244 2111 303 2183 Qui
320 2114 408 2171 semul
427 2115 545 2189 inpurae
563 2117 666 2172 matris
680 2116 830 2190 prolapsus
850 2115 885 2172 ab
906 2116 971 2172 aluo
994 2113 1161 2189 Cinyphiam
1175 2115 1262 2192 faeda
1282 2124 1396 2189 corpore

233 2195 344 2268 pressit
353 2194 475 2254 humum.
510 2194 622 2254 Habuit
635 2196 824 2272 propinquos,
840 2195 961 2255 fortasse
975 2214 1099 2255 uxorem
1113 2205 1141 2254 et
1155 2195 1270 2269 liberos,
1281 2198 1318 2270 56
1328 2195 1395 2256 Hac

239 2293 288 2351 ega
301 2276 413 2333 deuoueo
427 2282 499 2351 teque
512 2287 658 2353 tuosque
672 2278 756 2336 moda.
1046 2287 1052 2295 “

285 2375 310 2415 2.
342 2356 422 2417 Vsus
443 2369 503 2416 erat
524 2359 648 2416 amicitia
671 2358 778 2431 Ouidii,
801 2377 926 2435 eumque
948 2369 1105 2436 postquam
1132 2358 1200 2417 exul
1226 2357 1319 2416 iaetus
1338 2367 1395 2416 fest

240 2437 408 2515 prodiderat
424 2457 458 2497 ac
477 2440 619 2498 iacentem
634 2436 699 2518 (29)
714 2440 888 2512 calcauerat;
913 2444 951 2514 85
976 2439 1115 2500 Carmina
1135 2441 1199 2497 dum
1220 2441 1309 2515 capiti
1322 2441 1394 2497 male

238 2520 295 2592 fida
308 2520 375 2577 dira
389 2527 528 2578 canuntur
542 2520 585 2579 Et
590 2528 735 2598 peragunt
742 2529 837 2597 partes
850 2524 897 2580 ira
912 2523 1038 2596 dolorque
1051 2542 1125 2580 suas.
1168 2520 1213 2580 Cf.
1230 2539 1269 2594 40
1286 2519 1393 2579 Gratia
1468 2519 1473 2531 '

240 2602 400 2672 cmnmissis,
415 2601 542 2677 improbe,
554 2609 636 2677 rupta
650 2604 714 2675 tuis,
734 2623 790 2678 130
801 2604 910 2680 perfide.
955 2603 993 2661 Et
1006 2603 1063 2662 hoc
1078 2612 1121 2662 est
1135 2603 1216 2680 quod
1229 2611 1290 2660 tam
1305 2620 1394 2661 saeue

241 2682 408 2758 indignetur
421 2690 526 2760 poeta:
552 2685 603 2742 uix
617 2685 695 2742 enim
716 2686 772 2745 nisi
792 2686 823 2744 in
844 2685 971 2743 amicum
988 2685 1132 2761 perfidum
1153 2685 1310 2760 scripturus
1330 2692 1394 2743 erat

240 2764 430 2823 inexorabilia
443 2765 497 2824 ista
515 2779 653 2840 107-140
671 2765 763 2825 Terra
783 2767 836 2826 tibi
841 2769 957 2843 fruges,
973 2768 1064 2824 amnr's
1078 2767 1133 2824 tibi
1143 2766 1251 2842 deneget
1262 2765 1395 2822 undas-

240 2843 336 2904 Saeua
350 2847 400 2904 sed
410 2847 441 2904 in
454 2850 546 2905 manis
563 2848 690 2906 manebus
708 2868 790 2907 arma
807 2848 883 2907 dabo.
925 2847 1009 2906 Idem
1028 2848 1152 2906 innuunt
1170 2866 1215 2921 19,
1232 2865 1270 2904 20
1284 2845 1328 2904 Et
1344 2848 1399 2921 qui

241 2926 372 2985 debuerat
387 2929 494 2987 subitas
514 2930 677 3004 extinguere
687 2930 831 3004 flammas,
846 2929 908 2988 Hic
918 2929 1054 3005 praedam
1070 2930 1156 2987 media
1170 2935 1267 3003 raptor
1280 2928 1315 2986 ab
1329 2929 1394 3004 igne

236 3010 310 3082 petit,
326 3009 355 3067 h.
365 3027 390 3069 e.
402 3010 452 3086 qui
466 3010 591 3070 subitam
605 3011 718 3069 ruinam
733 3012 871 3071 debuerat
885 3020 1003 3087 propter
1017 3010 1239 3069 familiaritatem
1253 3019 1392 3080 auertere,
1428 3073 1431 3076 ,

239 3089 311 3148 lucri
326 3093 512 3150 occasionem
527 3111 564 3150 ex
578 3110 613 3151 ea
628 3094 746 3169 quaerit,
761 3102 913 3168 tamquam
927 3092 1151 3151 inimicissimus.

283 3191 310 3248 3.
332 3171 432 3232 Exulis
447 3173 546 3234 Ouidii
560 3173 709 3232 infamiam
724 3176 783 3232 iam
802 3173 1038 3249 refrigescentem
1053 3172 1204 3232 suscitarat
1220 3190 1257 3230 ex
1277 3171 1393 3247 integro

240 3252 345 3313 habitis
360 3255 543 3314 sermonibus
557 3255 587 3312 iu
601 3255 708 3315 foroet
723 3256 800 3333 apud
820 3255 970 3331 populum,
990 3272 1086 3326 11-14
1101 3253 1157 3311 Ille
1177 3255 1327 3328 relegatum
1343 3272 1392 3328 ge·

194 3388 196 3392 .
239 3335 478 3411 ledasAquilams
500 3337 637 3395 adortus
658 3335 726 3395 Nan
751 3339 821 3394 sinit
838 3338 927 3395 exc'lia
948 3336 1085 3406 delituisse
1105 3354 1168 3393 nuo.
1222 3335 1393 3408 Vulneraque

241 3416 347 3474 tumetis
360 3420 479 3492 requiem
493 3420 651 3492 quaerentia
665 3425 759 3488 uexat
774 3416 870 3476 Iactat
888 3424 914 3475 et
933 3418 963 3474 in
983 3423 1034 3475 tata
1055 3419 1166 3478 nomena
1188 3422 1284 3475 nostra
1293 3415 1391 3492 fara,·

241 3496 337 3556 eidem
351 3497 494 3574 relliquias
509 3497 642 3556 fortunae
657 3497 785 3557 adimere
800 3517 837 3557 ne
853 3516 943 3557 senex
959 3498 1078 3556 haberet
1097 3501 1156 3574 quo
1176 3505 1392 3567 sustentaretur,

240 3596 300 3636 neu
314 3578 422 3638 coniux
436 3579 553 3637 exilium
568 3589 680 3637 tantum
694 3580 756 3649 uiri,
772 3579 824 3639 sed
842 3597 894 3639 sua
913 3580 1001 3639 etiam
1021 3579 1098 3636 mala
1117 3579 1252 3654 ploraret,
1267 3588 1392 3637 conatus

240 3668 294 3730 est,
312 3673 347 3732 15
362 3659 545 3736 Perpetuoque
558 3662 632 3718 mibi
643 3662 889 3737 saecatamsaedere
907 3662 969 3719 lecti
979 3659 1047 3720 Nan
1056 3663 1167 3735 patitur
1178 3660 1277 3718 miseri
1277 3661 1393 3736 funera

230 3740 305 3818 stere
318 3741 387 3812 ue're',
405 3760 438 3799 21
453 3741 569 3801 llb'te'tur
583 3750 615 3800 ut
621 3744 761 3820 profugae
774 3743 862 3801 desint
875 3743 1006 3801 alimenta
1019 3748 1143 3801 senectae.

283 3842 310 3895 4.
333 3821 419 3881 Haec
439 3824 539 3882 omnia
559 3823 665 3883 fecerat
686 3824 761 3883 adeo
782 3823 934 3884 crudeliter
953 3842 988 3882 ac
1009 3823 1136 3881 uiolente
1158 3842 1194 3897 ²9
1210 3821 1254 3879 At
1269 3821 1322 3880 tibi
1335 3822 1392 3879 cal·

225 3906 313 3962 casti
322 3905 374 3980 qui
383 3922 432 3975 me,
447 3905 567 3977 atalante,
582 3906 718 3977 meantem,
730 3916 761 3964 ut
776 3907 870 3983 ipsam
884 3907 974 3965 uitam
988 3914 1090 3981 poetae
1105 3904 1223 3981 petiisse
1236 3903 1392 3975 uideretur,
1440 3924 1441 3927 ¹

242 4004 298 4061 131
314 3987 388 4045 banc
400 3988 523 4045 animam
536 3989 652 4045 nimium
665 3987 721 4046 tibi
729 3997 805 4062 saepe
813 3989 936 4063 petitam.

281 4082 307 4141 5.
330 4065 464 4144 Linguae
485 4069 607 4128 acerbae
629 4069 681 4128 luit
698 4079 726 4128 et
747 4069 888 4140 rabiosae,
907 4066 985 4126 unde
1007 4067 1144 4126 caninum
1165 4066 1283 4125 dentem
1303 4076 1392 4142 poeta

239 4149 364 4226 imputat
384 4159 534 4227 tamquam
555 4150 785 4210 mordacissimo.
831 4167 969 4224 229-232
989 4147 1165 4223 Gutturaque
1183 4146 1332 4205 tabuerant
1348 4148 1392 4206 in-

227 4232 333 4309 fantia
355 4232 422 4290 lacte
443 4234 565 4300 canc'rca,·
593 4232 654 4290 Hic
674 4234 786 4308 primus
806 4233 890 4307 pueri
910 4231 986 4289 uenit
1007 4232 1037 4287 in
1061 4250 1112 4288 ara
1136 4229 1219 4287 cibus.
1261 4226 1394 4286 Perbibit

238 4313 303 4370 inde
314 4332 381 4370 suae
394 4314 497 4372 rabiem
512 4316 630 4373 nutrices
643 4315 779 4384 alumnus,
795 4312 904 4372 Latrat
915 4320 940 4370 et
952 4313 984 4369 in
998 4317 1048 4369 tata
1062 4312 1146 4369 uerba
1162 4311 1264 4369 cantica
1266 4311 1348 4388 fiere.

281 4396 309 4452 6.
334 4394 456 4454 Videtur
476 4406 563 4455 notus
584 4396 672 4454 fuisse
695 4396 826 4455 Romae:
857 4395 906 4453 uix
928 4396 1006 4453 enim
1027 4392 1163 4452 credibile
1188 4400 1231 4451 est
1255 4391 1391 4467 ignotum

236 4473 390 4538 hominem
398 4477 514 4551 publiea
531 4478 633 4535 damna
644 4477 745 4536 uocari
760 4473 845 4555 (224)
861 4495 915 4535 nec
929 4475 1023 4551 ignoti
1038 4474 1164 4533 natalem
1179 4473 1258 4532 diem
1269 4471 1395 4531 Atticene·
