3038 4988
543 383 889 444 COMMENTARIVS.
1236 386 1289 441 lll

140 540 214 594 liunt
234 543 353 594 uictores
369 541 501 610 praemia
521 541 600 607 Grai,
620 559 646 593 v.
662 552 711 608 513
730 539 808 593 Ante
824 540 921 593 Ionem
938 541 1033 608 passis
1050 541 1128 594 stetit
1147 541 1291 593 inuidiosa

139 612 259 682 capillis.
298 613 383 664 Nunc
399 612 454 664 huc
472 611 566 679 potius
583 610 688 664 inclino
701 620 730 664 ut
748 613 909 665 iniudiosa
926 610 1081 679 praedicati
1098 621 1179 680 parte
1191 611 1289 680 funga-

139 692 191 750 tur,
209 683 264 736 hoc
282 699 384 736 sensu:
410 681 518 735 utinam
537 681 649 735 fortuna
665 691 722 750 tua,
738 681 767 734 id
784 682 860 750 quod
878 697 973 735 rarum
991 691 1042 748 est,
1058 681 1220 735 inuidiam
1214 699 1242 734 m
1261 693 1290 736 te

139 763 224 822 atque
246 753 343 806 odium
365 752 495 820 concitet,
518 763 626 807 utnon
652 751 709 805 iam
730 763 844 821 propter
865 753 992 806 fauorem
1013 722 1228 821 blandientium,
1250 752 1290 807 ita

138 833 253 893 propter
265 822 393 877 miserias
407 792 508 892 quibiis
522 822 700 877 conflictaris
733 825 810 876 Nam
823 822 946 876 felicium
959 821 1071 877 fortuna
1083 822 1224 877 inuidiosa
1237 840 1288 904 per

139 911 170 948 se
182 904 235 963 est,
248 895 400 947 multorum
419 893 581 947 inuidiam
574 911 603 946 tn
619 911 650 948 se
665 893 768 947 trahit:
787 893 876 947 rarius
889 895 1049 947 innzaiosns
1061 904 1104 947 est
1120 894 1213 962 miser,
1227 893 1288 948 siue

120 966 215 1034 'quod
234 965 331 1018 odium
350 964 494 1034 quoddam
512 974 608 1018 mouet
627 981 825 1018 aerumnarum
844 982 966 1032 suarum,
985 964 1045 1018 siue
1065 964 1288 1033 indignationem

138 1035 167 1089 in
192 1046 329 1090 auctores.
380 1034 465 1103 ‘May
488 1036 536 1089 the
561 1045 659 1103 aspect
684 1035 716 1089 of
737 1036 787 1104 thy
811 1036 930 1103 fortune,
949 1049 987 1090 'as
1012 1035 1122 1089 seldom
1150 1037 1287 1104 happens,

137 1123 220 1160 rouse
245 1108 294 1161 the
319 1106 428 1175 disgust
453 1106 485 1158 of
505 1123 571 1159 men
597 1107 677 1158 when
703 1107 751 1159 the
776 1106 871 1159 smiles
894 1106 926 1159 of
946 1108 994 1162 the
1018 1107 1105 1160 world
1129 1124 1166 1160 no
1190 1106 1289 1175 longer

137 1177 236 1231 attend
264 1177 301 1231 it!
349 1179 387 1231 Et
415 1176 456 1230 sic
481 1179 513 1230 T.
533 1176 715 1248 Vnderdown
741 1175 822 1230 ‘And
849 1178 918 1244 that,
947 1178 1008 1231 that
1037 1177 1163 1230 seldome
1191 1193 1287 1231 eomes

137 1257 167 1301 to
189 1265 281 1316 passe,
303 1249 314 1300 Ι
336 1248 422 1301 wishe
444 1248 495 1316 thy
515 1247 605 1301 whole
627 1256 735 1301 estate:
766 1248 813 1300 All
835 1248 946 1301 wanted
971 1250 1069 1302 favour
1089 1249 1132 1301 for
1153 1257 1182 1301 to
1204 1258 1287 1316 want,

136 1319 204 1372 And
227 1319 263 1372 be
288 1319 394 1387 replete
419 1318 485 1371 with
510 1319 592 1372 hate.’
681 1321 762 1381 quod
789 1324 977 1375 astrorum.
1011 1318 1095 1373 Trist.
1120 1318 1156 1372 iv.
1178 1334 1216 1373 10.
1240 1334 1286 1372 121

141 1390 169 1442 T
165 1407 185 1442 n
197 1389 276 1457 eniti,
289 1390 366 1458 qnod
379 1406 479 1442 rarnrn
494 1394 542 1456 est,
556 1391 625 1442 nina
641 1388 758 1443 sublime
769 1390 873 1443 dedisti
888 1390 1006 1456 Nomen,
1020 1390 1054 1442 ab
1065 1391 1203 1458 exsequiis
1215 1390 1292 1459 qnod
1382 1435 1384 1445 .

136 1461 205 1513 dare
214 1461 301 1528 sama
319 1461 394 1527 solet,
408 1459 444 1514 iv.
459 1472 482 1527 5.
496 1475 529 1527 23
551 1460 648 1528 Teque,
665 1460 742 1528 qnod
758 1466 798 1512 est
815 1477 924 1527 rernm,
938 1465 1056 1530 praesta
1074 1465 1235 1514 constanter
1250 1461 1292 1514 ad

136 1547 216 1584 omne
227 1532 419 1584 Indecltnatae
430 1547 535 1583 manns
547 1532 695 1584 amicitiae.
734 1532 801 1583 Non
821 1540 871 1598 est,
891 1530 920 1584 id
939 1531 1015 1600 quod
1033 1548 1096 1584 raro
1115 1530 1165 1583 tibi
1185 1530 1288 1586 euenit.

135 1602 202 1656 123.
222 1604 326 1656 Causa
346 1605 457 1655 mortis
477 1618 527 1654 cur
546 1601 616 1654 mori
637 1601 714 1655 uelis.
747 1605 839 1664 eopia
857 1618 940 1670 posse
958 1601 1037 1656 mori.
1075 1602 1152 1655 Suet.
1166 1601 1228 1655 Tib
1242 1601 1286 1655 lxi.

136 1674 212 1725 mari
228 1673 385 1726 ualentibus
404 1674 450 1725 nis
467 1672 595 1725 adtit'bita
613 1672 733 1725 ninendi
751 1671 862 1752 (salu.)
901 1671 1062 1726 Memnonis
1082 1672 1113 1725 fr.
1132 1673 1190 1738 περὶ
1205 1671 1287 1740 Ἡρο-

136 1743 248 1797 κλείαι”
242 1761 270 1795 ιιι
294 1742 422 1833 Muelleri
446 1744 558 1811 Fragm.
582 1742 658 1797 Hist
681 1742 809 1797 Graecst
803 1742 840 1797 1ii.
862 1759 889 1811 p
912 1744 962 1811 528
984 1743 1020 1797 de
1044 1743 1144 1811 Satyro
1166 1752 1286 1811 tyranno

135 1813 311 1868 πολλάιιι’
283 1815 359 1866 αυτὸν
380 1813 497 1882 φασὶν’
483 1835 510 1867 εν
529 1813 560 1880 τῇ
581 1815 651 1884 νόσῳ
670 1814 715 1867 τὸν
738 1812 847 1865 θάνατον
871 1813 989 1867 ἐπελθεῖν
1013 1812 1081 1883 1ιὺτῷ
1102 1816 1289 1882 κατευχόμενον

134 1883 168 1950 μὴ
187 1887 281 1952 τυχεῖν,
302 1884 372 1937 ἀλλὰ
392 1886 501 1953 συχναῖς
518 1882 622 1953 ἡμεραιι
641 1887 672 1951 τῇ
693 1885 771 1952 πικρᾷ
790 1885 830 1937 καὶ
848 1884 939 1952 βαρείᾳ
958 1885 1201 1952 καταδαπανώμενον
1216 1888 1287 1955 νόσῳ

136 1953 217 2009 οὕτως
229 1954 352 2008 ἀποτῖσαι
365 1955 394 2007 τὸ
406 1957 498 2023 χρεών.
588 1957 652 2010 127.
673 1957 740 2008 Post
757 1955 806 2035 126
819 1972 874 2024 quo
888 1955 1055 2008 clauduntur
1068 1954 1153 2034 dirae,
1167 1972 1286 2023 pausam

135 2024 202 2078 facit
215 2035 308 2106 poeta.
346 2027 420 2078 Tum
438 2024 585 2078 interiecto
605 2025 696 2094 spatio
710 2024 790 2094 quasi
810 2035 902 2078 certus
920 2025 1003 2078 futuri
1022 2025 1184 2106 pronuntiat
1202 2043 1285 2079 euen-

135 2103 195 2148 tum
214 2095 348 2150 uaticinii.
384 2099 542 2149 Euenient
563 2106 696 2150 euentum
718 2096 862 2149 habebunt
885 2113 923 2149 sc.
944 2113 1017 2165 quae
1039 2095 1105 2150 dixi.
1142 2095 1285 2177 Tibullum

134 2163 305 2234 imitatur‚i
331 2179 353 2234 5.
376 2179 407 2234 57
430 2168 580 2234 Enenient,
602 2168 653 2221 dat
670 2169 754 2237 signa
774 2169 842 2220 dens
865 2165 975 2234 (Const
996 2166 1077 2232 Fan.)
1117 2167 1184 2221 M.'
1177 2166 1215 2221 iii
1237 2179 1287 2235 524

134 2237 275 2302 Euentet3
301 2240 484 2306 nequeenim
505 2238 655 2307 dignabere
679 2254 782 2290 nnmen
807 2237 910 2290 nonore
930 2237 978 2291 ubi
1003 2237 1138 2290 Heinsius
1163 2239 1285 2292 malebat

133 2307 285 2362 Euenient.
375 2309 441 2363 129.
460 2311 560 2362 (terte.
593 2307 680 2377 Quasi
695 2308 807 2377 corrigit
820 2324 851 2361 se
865 2307 949 2361 nimis
963 2307 1152 2362 confidentem
1166 2308 1201 2373 de
1214 2308 1285 2362 uati-

134 2376 227 2431 cinio:
248 2378 271 2431 si
290 2395 347 2431 non
367 2378 439 2432 adeo
458 2389 501 2432 est
520 2389 612 2433 certus
635 2389 760 2446 euentus,
781 2379 849 2433 deos
872 2380 972 2432 saltem
995 2379 1106 2432 habebo
1128 2378 1285 2448 audientes,

134 2463 253 2516 quorum
266 2467 320 2518 ope
332 2449 498 2502 moriturum
511 2459 539 2503 te
552 2451 681 2518 sperabo.
717 2454 837 2513 putabo
849 2450 972 2502 futurum
986 2450 1023 2503 ad
1035 2455 1161 2504 motura
1173 2467 1284 2504 accom-

133 2519 273 2574 modatur.
368 2521 434 2575 130.
453 2521 603 2574 alar‘will
617 2520 681 2574 seed
694 2537 730 2573 on
744 2521 791 2575 the
805 2521 897 2589 hope?
934 2520 996 2574 Tib.
1011 2520 1038 2574 ii.
1051 2521 1133 2576 621.
1223 2524 1285 2574 131.

132 2593 268 2643 nimium
284 2607 376 2656 saepe
391 2608 448 2645 non
467 2591 511 2645 bis
531 2592 663 2659 semelue,
681 2591 733 2646 sed
751 2591 926 2660 saepissime,
939 2591 975 2644 de
989 2592 1011 2644 F
1014 2591 1052 2644 in.
1065 2591 1093 2645 ii.
1110 2606 1149 2659 13.
1162 2606 1194 2657 41
1209 2593 1288 2660 qnod
1359 2655 1361 2659 ¹

133 2677 184 2713 uos
204 2662 347 2714 interdurn
370 2662 417 2716 nel
431 2665 530 2733 potins
547 2664 669 2715 nimium
687 2666 768 2730 saepe
785 2664 887 2729 deei'tz's,
907 2661 943 2715 de
963 2662 1029 2730 Leg.
1049 2661 1076 2716 ii.
1093 2675 1131 2728 17.
1145 2677 1179 2730 43
1198 2665 1285 2716 ntnzi‘s

132 2735 213 2800 saepe
227 2731 347 2801 (Hand)
429 2736 495 2787 132.
513 2736 581 2788 dies
593 2732 699 2800 mortis,
713 2749 784 2787 sera
796 2743 910 2802 propter
922 2731 995 2786 exilii
1009 2731 1146 2787 miserias.
1218 2734 1284 2789 133.

133 2805 236 2864 spatio
260 2803 395 2872 temporis
419 2804 500 2872 lapsu
524 2805 558 2857 A.
579 2803 637 2858 A.'
631 2803 659 2858 ιΙ.
680 2804 730 2872 651
754 2805 829 2856 Mox
848 2805 933 2856 ettam
954 2805 1046 2856 nentis
1064 2806 1157 2873 spatio
1177 2803 1285 2858 dnrata

132 2874 247 2927 resistet.
328 2875 394 2930 134.
414 2874 498 2943 Quod
520 2873 566 2928 hic
586 2891 612 2928 u.
632 2883 659 2928 et
676 2889 724 2942 133
743 2873 787 2927 bis
806 2873 902 2942 scripti
922 2884 986 2927 sunt
1007 2871 1053 2940 (cf.
1066 2888 1109 2941 41,
1122 2872 1177 2941 42)
1196 2875 1284 2930 uoluit

132 2951 217 3010 poeta
235 2943 281 3010 τὴν
299 2944 395 3012 ἔχθραν
411 2944 588 3015 προίστασθαι
601 2955 629 2998 et
642 2944 734 3025 quasi
738 2944 844 3013 primas
862 2955 957 3033 partes
975 2944 1107 2998 carminis
1127 2944 1192 2998 odio
1206 2945 1283 3000 dare

133 3014 245 3066 Eodem
269 3014 356 3068 modo
378 3014 621 3070 Demosthenes
614 3032 643 3068 ιιι
665 3014 792 3069 oratione
812 3036 871 3084 περι
895 3019 942 3068 τοῦ
966 3017 1099 3083 Στεφάνου
1123 3015 1167 3068 bis
1189 3016 1283 3084 posuit

132 3084 220 3137 uerba
239 3083 335 3138 illa'l
306 3107 413 3154 ευχομαι
433 3108 498 3154 οσην
520 3088 618 3139 εὔνοιαν
637 3107 704 3154 εχων
725 3085 776 3154 ἐγὼ
796 3085 1018 3139 διατελῶ-τουτο
1039 3088 1206 3155 παραστῆσαι
1223 3108 1283 3141 rous

132 3152 238 3208 teohs‘
226 3157 285 3223 υμῖν
308 3157 382 3225 (661
372 3155 446 3225 1,9).
535 3160 601 3212 135.
619 3159 811 3221 Pugnabunt
833 3171 909 3210 arou
928 3159 1005 3209 dum
1026 3158 1170 3211 Mirones.
1206 3157 1283 3211 Arcu

131 3240 265 3306 pugnare
280 3242 336 3279 non
354 3237 414 3281 erat
434 3228 577 3308 Thracum
594 3226 641 3296 qui
658 3227 802 3308 μαχαίραις
810 3223 934 3279 ἀκοντίοις
951 3227 1112 3295 rhompaeis
1131 3227 1282 3280 utebantur

134 3293 265 3361 (Thuc.
248 3313 275 3350 11.
289 3298 331 3365 98,
349 3298 422 3353 Xen.
438 3297 546 3379 Mem.
539 3297 576 3352 tii.
585 3313 615 3369 9.
629 3313 654 3366 2,
668 3297 728 3351 Liu
741 3296 812 3352 xxxi.
826 3295 881 3366 39).
920 3298 1020 3366 ltaque
1037 3296 1148 3352 uidetur
1161 3297 1281 3352 Ouidius

133 3365 220 3420 Getas
239 3365 393 3436 intelligere
412 3368 460 3439 qui
479 3385 578 3422 omnes
597 3370 764 3436 ἱπποτοξόται
782 3379 862 3422 erant
882 3367 1013 3436 (Thuc‘'
996 3386 1024 3422 ιι.
1037 3367 1092 3437 96).
1131 3370 1194 3421 Hos
1213 3386 1283 3422 aren

122 3436 194 3504 fisos
206 3435 274 3491 dicit
288 3439 418 3494 Pont.1v.
432 3454 456 3508 9.
470 3441 512 3507 78,
526 3439 608 3494 cf.1v.
625 3454 664 3507 13
678 3451 711 3507 35
724 3439 826 3509 plenas
837 3438 997 3509 pharetras,
1011 3449 1039 3493 et
1054 3439 1083 3492 in
1095 3440 1225 3493 Bistonia
1238 3441 1283 3494 uel

131 3506 254 3561 Thracio
270 3507 301 3562 lit
291 3519 351 3564 tore
368 3511 487 3564 collocat
508 3510 692 3564 Pont.1v.10.
710 3525 731 3564 1
768 3514 897 3576 Iazyges
911 3510 1003 3564 Strab
1017 3510 1069 3577 306
1081 3519 1232 3580 postquam
1246 3511 1282 3566 de

132 3577 216 3631 Olbia
229 3579 437 3672 Borysthenide
450 3579 552 3648 dixit,
540 3602 555 3647 η
569 3581 621 3633 δὲ’
609 3600 772 3671 υπερκειμενη
790 3584 864 3635 πᾶσα
882 3582 956 3668 χώρα
973 3585 1018 3633 τοῦ
1034 3581 1172 3649 λεχθέντος
1184 3583 1280 3650 μεταξὺ

130 3648 307 3733 Βορυσθενουι
319 3652 359 3704 και
369 3648 478 3739 Ἴστρου
493 3654 581 3721 πρώτη
597 3652 644 3719 μέν
660 3651 734 3705 ε’στιν
749 3650 764 3718 ἡ
781 3657 831 3706 τῶν
844 3650 956 3706 Γετῶν’
942 3652 1040 3719 ερημία,
1057 3653 1145 3705 ἔπειτα
1161 3652 1186 3704 οἱ
1202 3660 1281 3719 Τυρε-

130 3718 209 3806 χέται,
222 3720 318 3787 ped’⁶
292 3743 336 3776 ovs
348 3723 373 3774 αἱ
384 3720 495 3792 Ἰάζνγες
507 3723 645 3792 Σαρμάται.
680 3725 773 3778 hosta
786 3723 889 3777 Strabo
901 3722 937 3775 de
951 3722 1104 3777 Roxolanis
1118 3722 1215 3777 dicens
1229 3724 1281 3791 306

130 3787 270 3857 ἄμυντὴρια
282 3792 386 3860 ἔχοντες
399 3814 439 3846 και
430 3795 567 3863 λόγχαι
582 3814 622 3847 και
613 3793 712 3858 τόξον
724 3815 764 3846 και
756 3793 863 3864 ξιφος,
875 3796 986 3847 τοιοῦτοι
999 3793 1026 3845 δε
1039 3815 1080 3847 και
1092 3798 1142 3847 τῶν
1155 3794 1281 3846 ahhoa‘
1256 3817 1281 3847 οι

129 3860 243 3915 πλείους.
323 3866 388 3918 136.
406 3866 532 3929 tepidus
552 3867 684 3929 Ganges.
726 3865 805 3918 Prius
825 3865 938 3933 Χλιορὸι
957 3865 1114 3932 appellatus
1135 3873 1185 3931 est,
1208 3866 1279 3920 Plut.

131 3930 192 3984 Flu.
205 3945 237 3996 4.
263 3933 340 3986 Nam
353 3943 449 4003 tepent
464 3934 563 3989 Indiae
576 3935 662 4004 fluuii,
675 3944 705 3989 ut
720 3934 868 3989 Curtius
843 3935 899 3989 v1ii.
913 3950 929 4003 9
942 3951 1029 3987 unum
1042 3934 1162 4002 excipiat
1177 3905 1280 4015 indum

130 4000 176 4068 qui
193 4002 319 4070 gelidior
335 4009 376 4057 est
395 4022 481 4073 qnam
502 4008 592 4061 ceteri.
717 4010 779 4061 137.
798 4009 906 4059 mollia.
927 4022 961 4058 ex
982 4005 1077 4058 herbis
1099 4007 1139 4059 M.
1160 4004 1206 4058 vii.
1228 4007 1279 4071 284

119 4070 263 4152 floresque
278 4078 306 4126 et
324 4075 422 4128 mollia
438 4076 547 4144 pabula
565 4081 697 4157 snrgnnt
785 4079 879 4130 140.
870 4093 906 4129 ιιι
925 4080 1029 4129 manis
1050 4085 1113 4155 tuos
1133 4078 1281 4130 manibus

129 4141 201 4195 meis
220 4146 309 4198 dab0.
347 4144 492 4213 Significat
511 4146 700 4200 constantiam
719 4163 775 4216 qua
793 4145 878 4199 etiam
897 4156 1023 4199 mortuus
1041 4145 1167 4199 animum
1189 4155 1280 4199 reten-

129 4220 207 4266 turus
221 4213 256 4266 sit
270 4229 354 4284 quem
368 4214 396 4268 in
412 4216 513 4269 Ibin'
487 4234 568 4270 umus
581 4216 719 4271 habuerit.
810 4219 872 4271 141.
890 4219 1079 4280 dilapsusin
1092 4231 1193 4284 auras,
1207 4217 1278 4271 Aen.

128 4281 164 4337 iv.
177 4285 228 4352 385
244 4285 315 4338 Cnrn
327 4285 444 4356 frngtita
463 4304 538 4340 mars
554 4290 652 4341 antina
671 4288 820 4340 seduxerit
835 4292 916 4340 artus
940 4287 1074 4340 Ornnibns
1095 4287 1195 4339 nmbra
1214 4286 1281 4340 locis

128 4355 220 4423 adero,
233 4356 312 4410 dabz‘s
324 4356 438 4425 inprobe
445 4362 558 4428 poenas,
571 4359 599 4411 A
603 4359 700 4412 ndzam
713 4364 740 4410 et
755 4357 823 4412 naec
838 4359 931 4410 mantis
949 4359 1042 4410 ueniet
1053 4356 1126 4410 mz'lti
1131 4357 1217 4426 sama
1228 4360 1280 4411 snb

128 4426 208 4478 i.mos
304 4429 409 4483 142-4.
430 4429 469 4482 Cf.
487 4431 589 4497 Mayor
602 4429 639 4482 ad
654 4431 751 4482 quen.
764 4428 820 4482 xiii.
835 4443 895 4483 221.
997 4430 1064 4480 144.
1082 4432 1235 4492 Insequar
1248 4435 1280 4484 et

128 4499 246 4551 uultus.
294 4499 362 4551 Hor.
383 4499 474 4568 Epod.
494 4518 519 4553 v.
539 4514 573 4568 93
594 4500 748 4568 Petaneqne
771 4500 870 4553 tttcltns
892 4471 991 4552 natira
1010 4501 1108 4552 cureris
1129 4501 1277 4571 anguibus,
