3126 4980
641 383 686 444 IN
709 384 805 444 IBIN.
1187 384 1197 450 f
1261 390 1299 444 69

147 541 258 617 templo
274 538 435 599 Mineruae.
463 540 528 600 Cod.
541 539 700 614 Bern.711
746 541 906 600 daemones
934 539 1076 600 interfecti
1104 549 1187 600 sunt:
1223 556 1298 618 quos

146 629 208 682 teste
228 622 367 680 Merheh'o
385 622 500 699 Proleg.
514 621 607 696 Apoll.
621 621 661 679 R.
672 632 703 696 p.
744 641 781 683 ne
803 623 938 681 Minerua
958 623 1069 681 uideret
1090 622 1156 680 fecit
1181 640 1234 681 sua
1254 623 1299 680 lu·

146 703 261 762 XXII.
424 712 430 718 ‘
744 704 825 762 mina
838 705 952 780 operiri.
995 704 1034 761 P.

188 783 322 848 †Lemnii
351 803 369 842 a
397 783 640 843 Lacedaemoniis
672 785 702 842 in
784 786 919 847 'rLemnii
934 781 992 865 [uel
1007 779 1161 864 †Hemnii]
1176 803 1194 842 a
1208 782 1299 842 Lace·

149 865 702 944 temploMineruaeperempti,propter
743 865 907 925 daemoniis
938 867 969 924 in
1004 865 1115 942 templo
1143 865 1298 923 Mineruae

148 949 228 1025 quod
248 947 303 1005 dea
324 947 436 1005 uultum
454 948 556 1005 auertit
575 947 654 1006 unde
675 957 704 1006 et
745 947 909 1023 interempti
932 957 1007 1019 sunt,
1023 947 1107 1024 quod
1129 965 1166 1004 ne
1187 947 1300 1005 uideret

147 1028 242 1088 adhuc
258 1029 385 1105 pingitur
400 1028 473 1087 facie
487 1047 600 1111 uersa.⁸
625 1027 661 1088 G.
745 1029 801 1087 dea
822 1030 925 1088 oculos
947 1047 1016 1087 suos
1034 1028 1165 1098 retorsit;
1187 1047 1223 1086 ex
1239 1045 1299 1103 quo

744 1111 934 1169 nuncetiam
959 1120 1003 1169 est
1027 1111 1057 1167 in
1085 1109 1195 1184 templo
1217 1109 1299 1167 uultu

744 1202 862 1262 retort0,
884 1201 915 1250 ut
937 1191 964 1250 d.
987 1190 1188 1250 Callimachus.
1236 1189 1301 1248 Cet

742 1271 813 1330 *Ask.

190 1357 257 1429 381.
279 1353 323 1413 Vt
337 1351 400 1429 'qui
424 1350 587 1414 Threicii.
630 1353 703 1412 Dio·
784 1354 944 1413 Diomedes
967 1371 1017 1412 rex
1040 1353 1184 1412 Thraciae
1206 1369 1298 1428 equas

147 1436 248 1495 medes
269 1454 320 1495 rex
342 1437 486 1494 Thraciae
508 1436 589 1511 pauit
611 1453 701 1512 equas
742 1435 871 1494 habebat
892 1436 997 1511 quibus
1017 1433 1146 1510 hospites
1169 1451 1238 1492 suos
1260 1433 1299 1493 ad

148 1535 215 1576 suas
231 1516 395 1593 hospitibus
413 1518 480 1575 suis.
498 1518 579 1593 quod
598 1535 701 1594 passus
743 1516 959 1576 comedendum
974 1516 1070 1586 dabat,
1082 1525 1113 1573 ut
1124 1516 1152 1574 d.
1162 1515 1297 1574 Ouidius.

147 1608 191 1658 est
205 1600 242 1656 ab
257 1598 392 1657 Hercule.
439 1596 475 1657 G.
745 1597 779 1657 C.

189 1684 258 1753 383.
274 1679 602 1738 Therodamanteos.
618 1677 700 1738 *Rex
784 1678 1080 1738 *Therodomanthus
1114 1695 1165 1736 rex
1194 1675 1298 1735 Mene-

148 1759 405 1819 Therodomantes
422 1760 522 1819 habuit
541 1761 642 1820 leones
659 1760 701 1819 fe·
741 1760 817 1819 leam
843 1755 1018 1840 [quandam]
1048 1759 1183 1817 leonibus
1209 1753 1296 1839 [suis]

147 1843 278 1900 rissimos
320 1859 396 1917 quos
441 1841 569 1901 humana
614 1860 700 1901 carne
741 1842 856 1913 obiecit,
871 1860 958 1917 quern
980 1841 1038 1898 filia
1057 1841 1119 1898 eius
1135 1840 1298 1915 Messagete

147 1923 244 1999 pauit;
267 1924 372 1998 quibus
394 1924 481 1981 etiam
503 1925 572 1999 quia
592 1933 701 1981 matro-
741 1924 897 1993 occiderat,
919 1942 987 1981 cum
1014 1924 1078 1998 ipse
1106 1921 1193 1979 uellet
1216 1921 1298 1978 adul-

147 2022 216 2061 nam
231 2005 389 2079 quamdam
405 2004 563 2062 Menaliam
580 2005 700 2062 nornine
742 2006 827 2062 terari
847 2022 973 2076 cumea,
993 2014 1025 2062 ut
1043 2012 1163 2061 testatur
1180 2002 1296 2060 Darius.

147 2085 239 2143 uoluit
274 2085 350 2157 dare,
386 2095 418 2143 ut
453 2104 520 2144 cum
555 2086 612 2144 filia
649 2103 702 2144 sua
743 2085 805 2144 Aah
818 2093 845 2144 et
858 2085 891 2144 C.

148 2164 282 2242 Megisea
294 2166 508 2238 adulteraretur,
520 2169 558 2225 ab
569 2184 603 2225 ea
614 2166 701 2226 inter-

146 2247 240 2307 fectus
255 2258 307 2307 est.
353 2247 389 2308 G.
1266 2282 1269 2287 ·

151 2380 153 2383 .
188 2327 463 2388 *Therodomantus
482 2348 589 2406 genere
608 2329 689 2388 Libis
707 2329 887 2390 Melonteam
905 2329 1055 2406 quandam
1074 2329 1208 2387 leonibus
1230 2326 1297 2386 ieris

147 2410 261 2480 obiecit,
277 2410 356 2486 quod
371 2412 468 2469 multis
482 2413 541 2469 iam
555 2411 679 2471 fecerat:
703 2412 789 2471 huius
803 2423 900 2472 autem
915 2413 973 2470 filia
987 2431 1009 2470 s.
1025 2411 1167 2487 Mesogea
1182 2409 1296 2468 Thero·

148 2490 289 2550 domanta
303 2493 416 2551 occidit.
459 2492 498 2550 P.

191 2577 258 2646 384.
294 2572 430 2649 Quique
490 2574 702 2634 Thoanteae.
786 2575 887 2634 Thoas
909 2573 1018 2654 (Thras
1038 2569 1205 2646 edPorir),
1224 2571 1298 2630 tilius

148 2653 259 2728 Tangit
280 2654 366 2712 ritum
385 2654 516 2713 sacrificii
534 2655 702 2730 Iphigeniae
744 2656 860 2728 Bacchi,
904 2673 1071 2733 quanquam
1122 2654 1298 2712 Lemniades

148 2736 227 2810 apud
242 2736 374 2793 Taurum
389 2737 544 2794 ciuitatem.
583 2736 620 2796 G.
743 2741 821 2797 uiros
853 2755 923 2796 suos
958 2737 1166 2806 interfecerant,
1194 2753 1212 2792 a
1239 2735 1298 2792 filia

190 2815 307 2874 Tauros
328 2827 372 2875 est
389 2817 484 2875 insula
501 2818 551 2875 ubi
571 2828 631 2876 erat
651 2837 701 2876 rex
744 2819 909 2895 Hypsipyle
926 2819 1062 2876 liberatus
1086 2818 1116 2874 in
1139 2817 1297 2876 Tauricam
1338 2824 1341 2829 “

149 2897 252 2956 Thoas
266 2897 317 2973 qui
337 2897 472 2955 homines
494 2899 623 2956 aduenas
637 2897 700 2978 (om.
743 2902 893 2975 regionem
916 2899 996 2975 fugit,
1022 2901 1052 2956 in
1074 2917 1133 2975 qua
1155 2898 1297 2973 regnauit.

149 2977 233 3056 Aah.)
268 2979 383 3037 Dianae
418 2979 608 3038 sacrificabat.
665 2981 701 3039 de
743 2992 773 3039 et
806 2982 847 3039 ibi
881 2980 912 3038 in
946 2980 1056 3056 templo
1088 2979 1201 3037 Dianae
1236 2987 1298 3045 erat

148 3123 210 3161 cum
222 3108 390 3176 Sybaritanis
400 3114 428 3161 et
440 3107 666 3161 Crotoniensibus
675 3110 777 3176 pellere
790 3115 899 3162 ceteros
909 3110 1031 3162 Graecos
1042 3108 1120 3160 ltalia
1133 3114 1297 3161 statuerunt.

149 3180 220 3231 Cum
245 3180 363 3247 primum
387 3179 485 3232 urbem
508 3180 587 3230 Sirim
611 3180 755 3246 cepissent,
777 3181 805 3232 in
830 3182 1033 3247 expugnatione
1056 3180 1114 3232 eius
1138 3192 1156 3231 L
1181 3179 1297 3231 iuuenes

147 3250 288 3318 amplexos
301 3251 446 3303 Mineruae
464 3249 639 3302 simulacrum
657 3251 884 3319 sacerdotemque
903 3252 971 3304 deae
989 3251 1111 3303 uelatum
1128 3249 1298 3302 ornamentis

147 3320 220 3373 luter
232 3322 288 3388 ipsa
300 3322 394 3373 altaria
406 3321 624 3374 trucidauerunt.
654 3322 799 3375 Historiam
813 3323 958 3374 tradiderat
968 3321 1142 3374 Callimachus
1156 3322 1177 3372 st'
1180 3319 1248 3387 fides
1260 3331 1298 3372 est

149 3392 205 3443 Get
218 3394 283 3445 Ask.
302 3411 359 3444 cum
376 3393 414 3446 ed.
433 3393 522 3445 Paris.
538 3405 586 3456 157
591 3408 614 3457 3,
633 3410 696 3458 quae
713 3411 771 3445 cum
784 3395 808 3443 P
823 3403 848 3444 et
860 3393 941 3445 Schol.
955 3393 1090 3461 Saluagnii
1108 3393 1235 3456 consentit,
1248 3391 1298 3445 nisi

148 3464 212 3530 quod
222 3464 283 3515 haec
294 3463 370 3515 habet
382 3462 488 3527 Leuini,
501 3481 548 3515 nou
561 3463 639 3514 multi
657 3462 717 3530 uiri,
731 3464 795 3532 quod
804 3474 842 3515 est
855 3464 882 3515 in
895 3463 947 3516 cod.
960 3464 1040 3528 Sala,
1054 3463 1172 3530 additque
1183 3467 1298 3514 auctore

150 3532 317 3586 Callimacho
329 3535 395 3601 quod
404 3553 421 3586 a
434 3537 458 3585 P
469 3533 547 3587 abest.

186 3608 247 3667 381.
264 3604 350 3656 tracie
365 3604 424 3668 GC,
481 3604 595 3656 Ouidius
607 3605 671 3658 Her.
684 3605 735 3657 IX.
750 3607 793 3671 67,
808 3609 832 3657 8.

186 3678 246 3738 383.
265 3675 381 3726 Historia
392 3685 516 3743 suspecta.
535 3674 793 3729 TerodomantesG
829 3674 1160 3728 TheurodomantheusC
1188 3673 1298 3726 Menal-

148 3743 256 3797 diamC
297 3742 363 3812 suis]
377 3763 426 3799 om.
440 3746 504 3797 Ask.
550 3746 687 3812 quendam
701 3748 765 3799 Ask.
810 3747 928 3813 quamC
968 3738 1146 3811 messag'etiC
1185 3745 1299 3798 miserta

151 3816 216 3867 Ask.
253 3814 298 3867 uel
310 3816 404 3868 eratC
437 3815 555 3868 condam
568 3820 592 3868 P
628 3817 729 3869 Similia
742 3818 818 3870 Mure
854 3815 1298 3869 Therodamusueltherodomon

149 3901 199 3937 rex
209 3884 273 3937 libie
280 3901 385 3937 summe
395 3885 512 3938 crudelis
519 3888 613 3938 leones
622 3903 684 3948 suos
693 3887 842 3952 uirginibus
851 3893 880 3939 et
889 3887 1012 3940 humanis
1020 3887 1146 3940 carnibus
1153 3887 1237 3954 pauit.
1250 3885 1298 3953 qui

149 3957 238 4008 eciam
251 3955 290 4007 eis
302 3956 436 4021 uirginem
448 3956 659 4023 pulcherrimam
673 3959 784 4010 nomine
797 3957 942 4010 melamam
954 3958 1065 4010 obiecit.
1098 3956 1142 4008 hic
1155 3972 1171 4008 a
1183 3956 1237 4008 filia
1249 3971 1297 4007 sua

149 4041 274 4092 megasea
286 4041 368 4093 quam
379 4032 504 4092 stuprare
517 4027 605 4079 uoluit
618 4035 659 4080 est
672 4029 786 4081 occisus,
813 4030 940 4098 Corrupta
949 4031 1051 4081 nomina
1064 4027 1135 4080 credo
1146 4047 1178 4079 ex
1187 4029 1297 4079 nationi·

149 4098 194 4152 bus
209 4097 361 4164 Africanis:
378 4097 507 4164 Magassa
520 4098 581 4151 urbs
592 4099 738 4168 Aethiopiae
746 4101 903 4167 adsignatur
913 4118 931 4151 a
943 4101 1027 4152 Plinio
1041 4100 1063 4149 V
1062 4101 1083 4151 Ι.
1097 4101 1161 4150 180:
1181 4098 1298 4149 Melania
1389 4137 1394 4140 .

149 4170 202 4220 siue
214 4167 342 4219 Melontea
354 4185 386 4218 ex
397 4169 499 4234 antiquo
511 4172 609 4222 nomine
620 4170 679 4222 Nili
689 4172 774 4238 potuit
784 4174 920 4239 profluere,
932 4171 972 4221 hic
984 4172 1049 4221 enim
1061 4178 1085 4219 et
1097 4169 1183 4229 Melas
1194 4179 1219 4221 et
1231 4167 1298 4222 Melo

149 4240 291 4304 antiquitus
309 4237 488 4306 appellabatur
508 4239 591 4306 (Plut.
602 4241 632 4291 de
645 4241 718 4303 Fluu.
735 4243 775 4306 16,
789 4239 886 4294 Paulus
900 4241 967 4291 Festi
984 4252 1008 4306 p.
1024 4255 1073 4302 124
1087 4238 1138 4306 M.)
1176 4239 1249 4306 Quae
1266 4257 1298 4290 esc

149 4313 174 4362 P
185 4310 241 4361 dedi
252 4308 339 4360 eadem
350 4317 441 4361 extant
452 4311 478 4361 in
490 4310 528 4362 ed.
540 4312 628 4363 Paris.
644 4324 720 4375 1573.

189 4384 249 4444 384.
268 4378 417 4444 erifegenie
440 4380 463 4432 G
552 4379 679 4432 Thauros
701 4383 723 4434 G
744 4382 808 4434 Ask.
901 4379 930 4431 in
950 4378 1050 4432 Ouidio
1069 4377 1104 4430 de
1125 4385 1211 4446 ponto
1231 4380 1298 4434 Ask.

151 4452 226 4503 Pont.
240 4451 291 4503 ΙΙΙ.
306 4467 330 4502 2.
344 4465 376 4514 45
485 4449 671 4516 effigeniamC
783 4450 953 4518 ephigeniam
968 4452 1032 4503 Ask.
1145 4450 1299 4525 regionem]

116 4558 118 4561 -
149 4520 321 4587 prouinciam
334 4520 380 4572 ubi
392 4527 535 4589 praeterea
547 4524 672 4588 regnauit
683 4523 721 4576 ed.
734 4524 822 4576 Paris.
834 4540 845 4574 r
851 4536 882 4586 57
887 4538 900 4586 3
973 4528 1002 4574 et
1011 4522 1083 4581 alter
1093 4528 1135 4580 ed.
1144 4527 1233 4580 Paris.
