3082 4980
238 367 327 426 xxviii
653 365 979 426 PROLEGOMENA.

239 526 390 595 Σωσίκλεια,
411 521 449 582 cf.
470 522 551 599 quod
572 522 612 581 ibi
633 522 784 582 Kaibelius
807 522 899 581 attulit
919 540 957 580 ex
978 519 1125 581 Henzeno
1148 522 1201 582 Cn.
1219 522 1392 584 Numidiam

239 604 436 681 Astragalum,
459 606 538 663 illius
561 607 648 662 utiam
673 605 856 662 ualetudinem
880 606 1018 679 quaestum
1042 605 1181 678 ipsumque
1205 608 1250 663 ati
1273 605 1398 663 tabescat

239 687 421 758 marbasiae
437 685 471 746 C.
487 684 605 745 sextas
623 685 788 744 Tabsz'mado
807 704 882 761 rago.
925 684 1030 761 Neque
1048 685 1127 743 aliter
1146 688 1176 744 in
1190 686 1268 745 Diris
1282 686 1393 745 Valerii

240 766 361 827 Catonis
376 768 436 826 siue
454 767 625 844 cuicumque
645 767 691 826 alii
710 766 908 842 adsignantur,
922 765 1048 842 Lycurgi
1067 785 1177 825 nornen
1192 768 1322 827 additum
1337 779 1392 827 est.

241 848 346 925 Neque
368 848 535 907 incredibile
556 859 601 908 est
622 866 732 907 nornen
747 848 846 918 Ibidis,
862 848 996 923 quamuis
1017 866 1095 906 nunc
1117 848 1210 920 lateat,
1226 852 1324 924 pasz'tz's
1333 859 1394 924 pro

240 933 348 988 nemim
368 932 459 1005 segnis
483 930 579 1005 aliqua
604 929 799 1005 significatum
823 928 911 988 fuisse
933 928 1033 1007 (Tn'st.
1054 930 1073 987 i.
1095 947 1121 1005 5.
1148 928 1188 1009 7).
1231 930 1270 988 Et
1291 939 1393 989 tamen

240 1022 285 1070 est
298 1011 348 1070 ubi
361 1009 484 1069 Ouidius
498 1011 535 1069 de
549 1011 668 1070 inimico
679 1028 734 1069 suo
745 1020 896 1087 tamquam
907 1009 1052 1069 haesitans
1066 1019 1096 1069 et
1109 1011 1236 1070 incertus
1246 1011 1391 1087 loquatur,

240 1110 266 1150 e.
275 1110 304 1168 g.
321 1112 338 1167 9
354 1090 520 1168 Quisquis
534 1094 559 1149 is
572 1099 618 1158 est,
633 1111 698 1150 nam
712 1110 807 1150 namen
820 1091 911 1150 adhuc
925 1098 1065 1168 auumque
1078 1092 1174 1164 tacebo,
1189 1091 1277 1152 Trist.
1293 1093 1329 1150 iii.
1344 1113 1391 1150 11.

242 1177 280 1248 56
296 1174 349 1232 Ad
364 1181 395 1244 te,
417 1175 542 1248 quisquis
563 1175 589 1231 is
608 1192 643 1244 es,
658 1180 754 1231 nostra
774 1173 897 1248 querella
917 1175 997 1232 redit.
1039 1173 1075 1232 Id
1096 1191 1153 1249 ego
1175 1174 1280 1250 duplici
1302 1192 1393 1233 causa

240 1255 351 1313 factum
368 1255 497 1313 arbitror.
540 1255 600 1312 Aut
616 1255 695 1313 enim
713 1272 804 1312 unum
823 1255 887 1330 ipse
906 1254 1053 1325 intellexit,
1068 1255 1129 1314 aliis
1144 1256 1217 1315 alios
1236 1255 1327 1314 uoluit
1346 1257 1391 1313 in-

241 1335 338 1412 telligi,
359 1353 418 1412 quo
444 1336 531 1394 tutior
551 1345 628 1394 esset
650 1354 747 1412 neque
771 1337 852 1394 omni
877 1353 930 1413 spe
953 1353 1102 1412 regressus
1125 1337 1304 1414 priuaretur;
1340 1346 1391 1395 aut

240 1436 342 1476 reuera
364 1417 401 1475 de
424 1417 543 1476 homine
568 1417 716 1487 dubitauit,
736 1418 790 1476 etsi
812 1417 983 1496 plerumque
1007 1427 1119 1476 certum
1143 1419 1269 1494 aliquem
1290 1418 1390 1477 animo

240 1499 416 1571 imaginatus
436 1507 488 1558 est.
530 1499 612 1557 Prius
633 1509 665 1558 ut
686 1500 813 1569 credam,
830 1498 940 1557 faciunt
960 1517 1036 1575 quae
1058 1499 1094 1557 de
1116 1517 1203 1558 causa
1223 1501 1300 1558 exilii
1321 1499 1391 1558 dicit

241 1581 271 1638 in
290 1579 435 1638 Tristibus
456 1590 485 1639 et
498 1579 638 1656 Epistulis
659 1599 695 1639 ex
713 1578 836 1640 Ponto*
879 1579 924 1638 Ea
944 1598 1146 1656 quaecumque
1166 1581 1227 1651 fuit,
1249 1579 1391 1658 (errorem

241 1663 305 1737 ipse
319 1662 387 1720 dicit
401 1660 488 1721 Trist.
504 1662 531 1719 ii.
545 1680 613 1737 207,
625 1663 659 1720 iv.
672 1681 700 1734 4.
713 1675 760 1736 37,
776 1661 861 1720 Pont.
871 1661 897 1720 ii.
912 1680 938 1736 3.
951 1659 1002 1739 92)
1017 1661 1128 1720 uidetur
1142 1663 1286 1721 eiusmodi
1300 1662 1391 1721 fuisse

240 1761 316 1819 quae
335 1746 439 1801 cunctas
457 1745 574 1802 nimium
595 1763 697 1819 quoque
714 1750 777 1802 nota
791 1735 892 1821 (Trist.
906 1744 943 1802 iv.
961 1762 987 1814 4.
1003 1739 1055 1820 43)
1070 1752 1155 1802 esset.
1198 1743 1286 1802 Vnde
1305 1745 1392 1820 igitur

240 1824 350 1883 factum
373 1833 417 1883 est
437 1834 469 1882 ut
489 1843 585 1902 neque
607 1826 671 1901 ipse
692 1824 816 1885 Ouidius
838 1842 934 1900 neque
956 1823 1028 1882 alius
1051 1825 1205 1902 quisquam
1225 1825 1391 1902 aequalium
1434 1847 1437 1851 ¹

240 1923 360 1965 causam
373 1905 474 1964 ruinae
488 1906 612 1982 posten's
624 1906 791 1965 tradiderit?
812 1905 885 1964 Esto
896 1906 975 1963 enirn
990 1915 1020 1963 ut
1029 1905 1154 1982 Augusti
1165 1907 1270 1966 domus
1281 1907 1392 1983 flagitia

240 1987 309 2045 exul
327 1986 451 2045 noluerit
466 1988 572 2064 eloqui,
588 1986 722 2064 quamuis
741 2006 776 2046 ea
795 1997 856 2045 tota
871 1987 970 2046 Roma
987 1987 1181 2064 uulgarentur.
1222 1989 1262 2046 At
1277 1998 1391 2047 ceteros

242 2067 354 2127 siluisse
374 2067 455 2144 quod
479 2070 616 2127 omnibus
638 2078 791 2139 constaret,
813 2086 916 2127 ausum
939 2069 1088 2127 neminem
1110 2069 1197 2129 fuisse
1218 2069 1390 2128 nobilissimi

241 2156 346 2226 poetae
360 2166 487 2208 errorem
502 2150 657 2220 declarare,
672 2167 764 2208 unum
779 2148 919 2209 Ouidium
936 2168 973 2208 ex
990 2150 1126 2210 omnibus
1143 2151 1174 2208 in
1188 2151 1289 2210 ultima
1303 2161 1391 2209 terra-

240 2248 306 2288 rum
322 2229 482 2306 relegatum
501 2249 597 2308 neque
614 2241 783 2289 reuocatum
801 2231 905 2304 fuisse3
935 2231 1007 2291 haec
1028 2232 1104 2290 adeo
1123 2231 1262 2291 mirabilia
1277 2241 1344 2292 sunt
1357 2242 1392 2290 ut

154 2354 157 2373 .
241 2312 339 2370 arcani
353 2310 461 2387 aliquid
474 2312 592 2371 latuisse
606 2312 769 2388 suspiceris.
811 2313 881 2372 Hoc
900 2312 970 2389 quid
988 2313 1079 2384 fuerit,
1095 2332 1148 2389 pro
1163 2314 1312 2389 explorato
1327 2331 1391 2372 non

241 2403 299 2452 est:
329 2392 382 2451 sed
402 2410 463 2452 non
485 2393 589 2452 desunt
609 2394 738 2469 uestigia.
780 2394 821 2453 Vt
842 2395 923 2453 breui
944 2395 1014 2472 quid
1038 2414 1102 2453 rear
1123 2396 1279 2466 enuntiem,
1301 2395 1391 2454 Isidis

241 2492 324 2533 sacra
335 2473 475 2533 Ouidium
485 2475 610 2534 uiolasse
621 2475 765 2547 existimo,
774 2476 814 2534 ita
828 2485 926 2534 tamen
937 2486 968 2534 ut
980 2495 1047 2535 cum
1061 2476 1180 2535 infamia
1188 2477 1218 2535 id
1230 2476 1390 2536 Caesarum

240 2556 430 2615 coniunctum
446 2555 536 2614 fuerit.
579 2556 615 2615 Id
629 2557 718 2633 siquis
737 2567 857 2632 quaerat
875 2558 1027 2634 quomodo
1046 2558 1106 2616 fieri
1123 2559 1256 2634 potuerit,
1271 2557 1391 2617 docebit

240 2636 386 2713 Iosephus
404 2637 504 2714 Antiq.
524 2637 599 2695 xviii.
621 2657 648 2713 3.
691 2637 798 2697 Narrat
818 2639 897 2697 enim
918 2640 1077 2715 imperante
1093 2639 1222 2711 Tiberio,
1242 2639 1391 2697 Mundum

240 2718 388 2796 quendam
408 2736 508 2778 amore
529 2728 657 2795 captum·
667 2719 805 2779 Paulinae
825 2739 902 2797 quae
924 2719 1079 2779 Saturnino
1100 2730 1246 2796 nupserat,
1266 2738 1334 2779 cum
1354 2738 1392 2781 ea

241 2799 410 2859 muneribus
431 2818 493 2859 non
513 2800 637 2871 cederet,
651 2800 769 2859 libertae
784 2801 852 2860 Ides
870 2801 940 2861 dolo
960 2801 998 2860 ad
1018 2813 1150 2878 stuprum
1168 2803 1208 2860 sic
1230 2802 1389 2862 induxisse.

241 2879 366 2940 Colebat
382 2880 503 2941 Paulina
522 2881 582 2941 Isin
593 2900 610 2953 ;,
630 2881 715 2942 huius
738 2883 936 2942 sacerdotibus
954 2883 1007 2941 Ide
1028 2884 1171 2960 persuasit
1192 2883 1267 2942 datis
1288 2884 1392 2959 uiginti

240 2963 372 3040 quinque
385 2963 501 3023 milibus
515 2963 727 3036 drachmarum,
739 2964 833 3023 alteris
847 2963 969 3024 totidem
983 2964 1133 3039 promissis
1145 2966 1169 3023 si
1180 2982 1242 3023 rem
1254 2963 1391 3041 perfecis-

241 3055 314 3117 sent,
329 3054 361 3103 ut
380 3045 530 3104 mulierem
551 3064 603 3123 per
623 3046 742 3105 insidias
757 3045 872 3105 Mundo
892 3046 1087 3106 canciliarent.
1129 3046 1232 3122 Itaque
1251 3046 1301 3121 qui
1319 3055 1392 3104 natu

240 3128 385 3186 maximus
403 3127 489 3186 exiis
507 3136 577 3199 erat,
592 3138 704 3187 secreto
721 3128 880 3205 conloquio
894 3127 1031 3186 Paulinae
1050 3128 1233 3186 confirmauit
1247 3127 1392 3186 Anubidis

240 3227 273 3268 se
287 3208 421 3267 nuntium
435 3208 551 3267 uenisse
563 3229 572 3281 ;
595 3208 674 3268 hunc
688 3227 754 3268 eam
769 3227 877 3280 amare,
891 3209 988 3267 iubere
1003 3218 1035 3266 ut
1049 3210 1087 3267 ad
1101 3227 1133 3268 se
1147 3211 1266 3268 ueniret.
1310 3208 1392 3276 Tum

240 3289 362 3348 Paulina
376 3291 485 3349 sciente
500 3291 603 3349 marito
618 3292 665 3349 cui
678 3308 740 3349 rem
754 3290 938 3367 patefecerat,
953 3291 983 3348 in
998 3289 1083 3349 Isidis
1098 3291 1167 3350 fano
1182 3309 1250 3349 cum
1264 3290 1391 3362 Mund0,

241 3389 330 3449 quem
344 3371 464 3429 Anubin
483 3389 549 3430 esse
567 3373 691 3442 rebatur,
706 3372 872 3431 concubuit.
914 3370 1005 3443 Quod
1019 3369 1155 3431 Tiberius
1173 3389 1240 3431 cum
1257 3371 1392 3432 rescisset

241 3451 389 3510 Mundum
404 3452 435 3509 in
451 3451 568 3511 exilium
587 3454 730 3529 exegisse,
744 3453 830 3512 Isidis
848 3452 949 3511 fanum
967 3452 1095 3524 diruisse,
1111 3454 1183 3512 deae
1203 3455 1392 3512 simulacrum

240 3534 272 3591 in
293 3532 425 3591 Tiberim
446 3533 537 3609 proici
558 3534 685 3592 iussisse.
732 3533 790 3592 Sed
816 3543 845 3592 et
869 3535 932 3610 ipse
953 3533 1077 3593 Ouidius
1100 3544 1219 3594 testatur
1240 3536 1392 3612 linigeram

233 3615 310 3690 fieri
324 3614 394 3689 quid
403 3615 493 3689 possit
506 3615 547 3671 ad
556 3614 621 3672 Isin
635 3612 716 3693 (Am.
731 3616 758 3672 ii.
776 3632 801 3674 a.
819 3635 833 3673 a
838 3629 865 3689 5,
881 3615 918 3676 cf.
932 3614 1021 3675 Trist.
1036 3616 1063 3674 ii.
1082 3630 1149 3692 297,
1164 3616 1264 3676 quen.
1279 3617 1314 3675 vi.
1330 3635 1391 3690 490

240 3694 351 3754 Isiacae
367 3697 498 3753 sacraria
519 3696 600 3768 lenae,
618 3695 725 3754 Preller
746 3696 834 3755 Rom.
854 3696 947 3772 Myth.
965 3716 993 3773 p.
1011 3698 1113 3776 728.)†
1154 3697 1196 3756 Vt
1215 3699 1302 3774 igitur
1323 3715 1392 3755 cum

241 3777 386 3854 plerisque
406 3785 566 3836 statuamus
580 3777 720 3838 Ouidium
739 3779 859 3837 minoris
874 3779 973 3848 Iuliae,
987 3779 1113 3854 Augusti
1131 3780 1235 3855 neptis,
1250 3779 1392 3855 flagitium

242 3858 361 3934 aliquod
375 3858 483 3917 uidisse
503 3858 591 3935 idque
606 3878 676 3936 prae
694 3861 798 3919 timore
818 3859 1014 3919 dissimulasse
1030 3859 1131 3938 (Trist.
1147 3861 1182 3919 iv.
1199 3880 1225 3932 4.
1243 3875 1290 3935 37,
1306 3860 1390 3919 Pont

242 3941 271 4000 ii.
293 3959 319 3998 a.
338 3936 397 4017 19),
416 3939 559 3999 habemus
579 3959 631 4000 cur
652 3942 787 4013 timuerit,
802 3942 825 4000 si
844 3951 894 4000 aut
914 3942 1057 4016 corruptis
1076 3941 1162 4000 Isidis
1183 3942 1322 4001 ministris
1341 3952 1394 4000 aut

242 4022 341 4082 insciis
354 4039 389 4081 ac
403 4039 469 4080 sero
484 4024 732 4098 cognoscentibus
747 4024 776 4081 in
790 4023 860 4082 fano
875 4023 947 4083 deae
960 4023 991 4081 id
1001 4022 1109 4081 facturn
1122 4031 1174 4082 est.
1203 4022 1393 4099 Quamquam

274 4200 290 4234 *
305 4196 434 4245 Peculiares
445 4196 533 4244 libellos
545 4196 680 4258 scripserunt
691 4197 720 4245 de
734 4197 802 4245 exilio
814 4197 893 4244 Ouidii
905 4196 1009 4244 Thomas
1021 4197 1085 4258 Dyer
1097 4197 1134 4243 On
1148 4197 1186 4246 ele
1198 4212 1265 4243 cause
1275 4198 1306 4258 of
1313 4197 1395 4245 Ouid's

241 4263 312 4312 Exiit
328 4264 352 4310 in
368 4264 444 4310 Musei
461 4263 547 4310 classici
565 4262 636 4310 Tom.
649 4264 679 4310 iv.
690 4277 728 4322 pp.
743 4272 863 4325 2²4-247·
880 4271 904 4310 et
921 4264 951 4310 A.
963 4262 1053 4309 Deville
1068 4261 1130 4309 Essai
1148 4279 1185 4310 sur
1201 4261 1268 4310 l'Exil
1284 4263 1392 4324 d'Ovide,

242 4329 306 4377 Paris
320 4329 391 4391 1859.
422 4329 460 4376 Cf.
473 4329 585 4376 Merivale
598 4329 658 4376 Hist.
670 4327 699 4375 ot'
707 4329 747 4376 the
759 4330 863 4377 Romans
874 4330 946 4375 under
957 4328 996 4375 the
1007 4328 1099 4388 Empire
1110 4330 1141 4378 iv.
1155 4341 1276 4390 331-333,
1288 4331 1323 4376 ed.
1335 4329 1392 4378 min.

274 4394 293 4452 'l'
311 4395 429 4454 Appianas
441 4395 510 4440 tradit
522 4393 545 4439 in
556 4394 620 4441 Bello
631 4394 699 4441 Ciuili
710 4394 829 4442 Volusium
842 4395 957 4457 quendam
970 4394 1034 4441 lsiaci
1047 4392 1106 4440 linea
1119 4395 1176 4442 stola
1188 4403 1212 4442 et
1223 4397 1306 4442 canino
1317 4395 1394 4455 capite

242 4461 351 4507 indutum
362 4459 467 4522 effugisse
478 4459 516 4522 (B.
525 4459 553 4508 C.
562 4459 592 4505 ir,
602 4458 653 4520 47).
