3038 4988
544 389 771 474 Excvnsvs.
1177 396 1234 451 υς

79 540 122 599 καί
142 539 264 612 διαδοχὴν
275 540 409 606 βασιλέων
421 540 467 612 ἀφ’
480 543 559 598 αὑτοῦ
577 545 699 599 κατέλιπε
716 544 848 614 Πυρρίδας
865 543 1086 611 ἐπικαλουμένους.
1124 546 1236 615 Regum

78 611 162 682 Epiri
175 613 229 668 hoc
242 623 285 669 est
298 623 420 670 stemma
435 616 518 685 (Plut.
534 617 610 684 Pyrr.
626 617 648 685 I,
663 618 746 672 Paus.
760 616 778 672 i.
795 631 834 672 11.
852 631 873 686 1,
889 615 924 671 iv.
938 628 981 685 35.
994 614 1022 685 3)

542 718 693 860 Thapybas

561 860 677 915 Alcetas

305 931 917 997 r-··—·-·-³···-·····-*·t

115 1014 116 1018 ¹
213 993 420 1101 Neoptolemus
858 998 970 1067 Arybas

193 1091 292 1128 Γ,-

111 1130 273 1212 Alexander
325 1094 494 1202 -O-lympias
654 1198 659 1203 ,y
774 1133 1056 1190 Aeacides=Phthia

121 1218 170 1256 rex
184 1203 262 1271 Eprn
417 1201 421 1272 Ι
716 1208 1113 1276 Γ--ῲ--Ἱ

221 1302 225 1309 -
313 1273 476 1328 Alexander
489 1275 530 1330 M.
633 1275 756 1344 Pyrrhus
771 1277 811 1330 M.
1034 1276 1187 1332 Deidamia

1002 1345 1094 1416 (periit
1108 1349 1208 1402 morbo

351 1415 491 1470 Herakles
553 1416 899 1489 Alexander=Olympias
976 1418 1048 1473 Plut.
1064 1420 1176 1474 Demet.
1190 1417 1236 1489 32)

627 1558 808 1700 Ptolerpaeus

623 1700 747 1769 Pyrrhus
762 1699 815 1754 Il*

635 1840 797 1898 Deidamia.

122 1942 270 2015 Olympias
282 1954 374 2000 mater
385 1944 538 2000 Alexandri
553 1945 658 2015 magni,
672 1945 737 2000 auia
751 1945 889 2001 Heraclis.
927 1946 1064 2001 Heracles
1077 1945 1162 2015 igitur
1169 1949 1237 2018 pro-

83 2022 170 2087 nepos
187 2016 377 2086 Neoptolemi,
392 2016 467 2098 regis
483 2017 672 2087 Epirotarum,
686 2034 771 2087 quern
788 2016 922 2072 credibile
934 2028 977 2071 est
991 2016 1126 2071 Ouidium
1143 2017 1238 2071 uerbis

86 2087 168 2142 dicti
189 2087 286 2140 modo
307 2089 388 2156 regis
408 2088 456 2142 h1c
478 2087 662 2156 significasse.
701 2090 777 2141 Nam
797 2097 827 2142 ut
847 2105 898 2157 per
914 2088 1078 2141 Achilliden
1102 2087 1238 2142 intellexit

86 2158 225 2228 Pyrrhum
246 2160 392 2227 Magnum,
411 2169 442 2221 ut
462 2175 513 2228 per
530 2158 677 2228 Pyrrhum
697 2159 926 2228 Neoptolemum,
946 2157 1033 2212 filium
1051 2157 1178 2227 Achillis,
1198 2158 1239 2212 sic

84 2243 138 2299 per
157 2228 299 2282 Aeaciden
325 2230 545 2310 Neoptolemum
570 2246 666 2298 regem
691 2227 983 2299 Epiroticum‘potuit
1007 2228 1151 2283 indicare:
1182 2245 1238 2299 quo
1288 2234 1294 2246 ³

86 2298 234 2353 obscurius
248 2299 325 2354 fieret
339 2317 471 2369 aenigma
483 2298 636 2354 nominum
668 2300 752 2369 Quod
765 2299 788 2353 si
802 2317 900 2354 uerum
913 2310 964 2368 est,
978 2309 1057 2354 nata
1069 2298 1239 2354 Aeacidae

85 2386 145 2424 non
168 2369 328 2438 Deidamia,
349 2370 400 2424 sed
421 2370 484 2439 ipsa
504 2370 652 2440 Olympias
673 2370 733 2438 fuit,
755 2388 841 2441 quam
862 2379 947 2440 capta
969 2370 1069 2438 Pydna
1089 2368 1239 2440 propinqui

87 2456 186 2496 eorum
207 2457 278 2510 quos
301 2440 479 2495 interfecerat
504 2440 621 2510 ingestis
646 2440 707 2496 siue
728 2441 791 2495 telis
811 2441 879 2510 siue,
898 2452 929 2495 ut
949 2440 1104 2495 Pausanias
1123 2440 1159 2495 ix.
1178 2453 1203 2507 7.
1223 2454 1239 2507 3

86 2510 181 2579 tradit,
201 2510 276 2565 saxis
295 2520 440 2566 necarunt.
478 2511 525 2566 Sic
544 2529 562 2565 a
581 2511 762 2582 Neoptolemi
786 2512 843 2566 filia
862 2511 1032 2581 Olympiade
1050 2511 1184 2565 transitur
1202 2509 1240 2564 ad

87 2581 170 2635 huius
183 2599 217 2635 ex
229 2582 390 2635 Alexandro
403 2591 536 2652 nepotem
547 2583 708 2653 Heraclem,
719 2582 763 2637 cui
777 2583 904 2653 Barsine,
916 2593 1008 2637 mater
1020 2598 1240 2650 sua,.uenenum,

86 2653 208 2706 fortasse
221 2650 318 2720 inscia,
331 2652 482 2707 tradidisse
495 2652 616 2721 fingitur.

125 2723 209 2792 Quod
224 2723 361 2776 Heracles
376 2723 557 2793 Neoptolemi
576 2739 688 2792 nepos,
701 2740 759 2778 non
777 2739 927 2793 pronepos,
944 2721 1053 2791 dicitur,
1066 2732 1181 2792 propter
1199 2721 1242 2775 in·

90 2804 199 2848 cestum
216 2802 326 2847 mutata
338 2802 380 2847 est
396 2793 585 2848 necessitudo.
623 2796 700 2848 Nam
713 2811 778 2848 curn
792 2792 973 2863 Neoptolemi
987 2793 1059 2847 filius
1072 2793 1241 2861 Alexander,

88 2865 175 2918 frater
188 2863 375 2933 Olympiadis,
388 2864 491 2919 sororis
509 2863 591 2918 huius
609 2864 695 2918 filiam
710 2866 890 2934 Cleopatram
904 2863 1020 2932 duxerit,
1035 2865 1241 2933 Neoptolemus

90 2934 170 3005 quasi
189 2943 270 3003 pater
288 2934 365 3003 nepti
385 2952 461 3003 suae,
479 2952 544 2988 mox
563 2935 649 2989 etiam
668 2935 827 3004 nepotibuS,
843 2935 871 2988 in
890 2934 934 2987 his
948 2934 1109 2988 Alexandro
1124 2936 1241 3002 Magno,

89 3005 203 3059 habitus
220 3013 281 3071 est;
303 3005 379 3060 unde
398 3007 543 3073 Heracles,
563 3005 635 3060 filius
652 3005 813 3073 Alexandri,
829 3015 857 3059 et
875 3021 1016 3074 pronepos
1035 3005 1086 3058 fuit
1105 3015 1133 3059 et
1151 3020 1241 3073 nepos

89 3075 181 3146 potuit
198 3075 361 3130 existimari.
399 3076 483 3145 Quod
500 3075 524 3130 si
542 3075 586 3130 cui
601 3075 754 3130 contortius
768 3075 916 3142 uidebitur,
930 3074 1032 3144 poterit
1048 3075 1089 3128 sic
1102 3074 1243 3143 explicare

89 3157 123 3270 pp
141 3147 294 3270 Heraficllem
313 3146 434 3268 Ouidius
455 3146 560 3217 putarit
578 3146 731 3201 Alexandri
753 3145 827 3216 regis
847 3144 993 3215 Epirotici,
1012 3161 1070 3199 non
1088 3144 1242 3200 Alexandri

126 3235 143 3271 a
183 3235 191 3270 1
243 3233 301 3270 rum
324 3235 407 3273 uisse.

126 3235 369 3342 rfgnT'dessalziinm
393 3288 470 3358 quod
493 3304 545 3357 pro
571 3286 779 3343 Cantharidum
808 3285 941 3342 exhibent
971 3284 1097 3339 nonnulli
1129 3285 1242 3340 codices

92 3358 182 3412 Ibidis
208 3358 340 3413 conuenit
365 3376 430 3413 cum
453 3358 613 3413 Scholiasta
636 3359 667 3413 lt
690 3358 716 3412 ii.
737 3371 797 3426 744,
818 3375 903 3428 quem
929 3359 1058 3411 Potterus
1083 3356 1180 3411 laudat
1205 3355 1244 3411 ad

92 3429 158 3498 Lyc.
173 3430 224 3482 802
239 3427 339 3484 Αίθικες
351 3430 423 3484 ἔθνος
436 3430 600 3495 θεττολικὸν,
614 3429 793 3496 ὑπερκείμενον
805 3431 850 3496 τῆς
861 3424 993 3497 Ἠπείρου.

128 3515 152 3568 3.
173 3501 281 3553 Mortes
302 3499 480 3569 Olympiadis
502 3510 530 3554 et
551 3499 681 3554 Heraclis
700 3499 802 3553 eodem
824 3498 910 3552 modo
930 3495 1073 3552 coniunxit
1095 3514 1151 3567 quo
1172 3498 1243 3552 Pau·

91 3570 187 3625 sanias
198 3570 233 3624 ix.
242 3583 265 3636 7.
275 3585 291 3623 2
302 3579 329 3624 et
341 3570 511 3640 Porphyrius
521 3569 622 3639 Tyrius
633 3570 662 3624 in
670 3571 775 3624 Euseb.
788 3569 892 3624 Chron.
902 3585 929 3638 p.
938 3583 989 3636 232
1000 3570 1082 3622 Tom.
1092 3567 1110 3621 i.
1122 3568 1245 3636 Schbne,

91 3640 224 3711 Ἀριδαῖον
235 3641 282 3707 μὲν
294 3638 339 3693 οὖν
350 3639 494 3709 Ὀλυμπιὰς
506 3641 614 3695 ἔκτεινεν
626 3640 641 3708 ἡ
651 3640 733 3711 μήτηρ
741 3639 925 3710 Ἀλεξάνδρου·
942 3639 1020 3707 αὐτὴν
1033 3639 1060 3691 δὲ
1074 3640 1114 3692 καὶ
1126 3639 1186 3694 τοὺς
1198 3638 1244 3692 δύο

92 3713 185 3768 παῖδας
197 3710 371 3779 Ἀλεξάνδρου
384 3710 537 3778 Κάσανδρος
553 3709 750 3781 ὁἈντιπάτρου
767 3710 871 3781 ἀναιρεῖ,
888 3711 933 3765 τὸν
950 3710 998 3779 μὲν
1015 3709 1092 3765 αὐτὸς
1103 3708 1245 3779 φονεύσας,

92 3784 138 3836 τὸν
150 3780 173 3835 δ’
186 3780 213 3833 ἐκ
226 3781 353 3849 Βαρσίνης
365 3779 590 3851 Πολυσπέρχοντα
602 3783 702 3836 πείσας.

128 3867 153 3918 4.
175 3852 209 3906 Ια
222 3861 339 3922 utraque
349 3861 440 3906 morte
450 3851 618 3921 praecipuae
627 3862 722 3921 partes
731 3849 959 3921 Polyspercontis
967 3851 1087 3918 fuerunt,
1096 3849 1119 3903 si
1129 3849 1244 3920 quidem

92 3932 166 3978 teste
189 3922 333 3992 Polyaeno
351 3922 387 3976 iv.
409 3937 438 3976 11
461 3921 608 3991 Olympias
632 3922 731 3990 Pydna
752 3921 827 3976 exire
850 3929 953 3975 conata
974 3931 1017 3975 est
1040 3920 1095 3974 fide
1117 3920 1245 3989 signatae

92 3994 179 4049 anulo
192 3992 419 4063 Polyspercontis
433 3991 570 4061 epistulae
583 4009 669 4062 quam
681 3992 758 4061 prius
773 3991 934 4045 Cassander
946 3990 1133 4059 interceperat
1145 4007 1151 4056 ;
1169 3991 1245 4046 unde

95 4083 145 4134 spe
167 4063 288 4118 triremis
311 4064 431 4133 decepta
451 4079 507 4132 qua
528 4072 614 4117 noctu
636 4062 784 4116 auehenda
805 4061 913 4128 fuisset,
933 4077 950 4114 a
971 4061 1191 4128 Polysperconte
1214 4078 1245 4116 se

93 4136 223 4190 delusam
237 4133 356 4190 credidit
369 4151 403 4188 ac
417 4133 546 4204 Pydnam
560 4133 722 4188 Cassandro
734 4131 857 4187 tradidit.
891 4129 976 4201 Quod
988 4147 1064 4184 mors
1077 4129 1165 4200 ipsius
1179 4147 1245 4185 con·

128 4215 192 4260 cuta
205 4214 256 4260 est.

94 4223 126 4262 se
132 4289 155 4346 5.
174 4276 271 4334 Verba
281 4277 308 4328 N
315 4291 356 4328 on
368 4273 447 4330 licet
460 4275 522 4328 hoc
536 4274 649 4330 Cereri
662 4272 874 4329 dissimulare
886 4286 1017 4326 sacrum
1031 4270 1101 4326 satis
1113 4271 1187 4326 bene
1200 4288 1245 4327 ex·

129 4448 144 4483 *
161 4447 229 4495 Hunc
240 4445 354 4507 Pyrrhum
365 4446 490 4494 Ptolemaei
502 4446 604 4501 fratrem,
616 4460 662 4508 non
678 4444 758 4496 lilium.
770 4442 826 4490 facit
839 4443 937 4490 Iustinus
949 4441 1028 4490 xxviii.
1040 4452 1063 4504 3,
1076 4447 1100 4490 et
1112 4439 1216 4499 Ouidius,
1227 4442 1247 4491 si

97 4513 169 4562 modo
180 4511 219 4560 hic
230 4511 329 4574 Pyrrhus
340 4520 375 4560 est
386 4521 452 4576 nepas
464 4511 520 4562 dicei
531 4520 608 4560 nostro
619 4511 687 4560 modo
698 4511 800 4557 carmine
811 4508 881 4573 regis,
