3082 4980
219 357 287 416 xxvi
632 350 959 413 PROLEGOMENA.

260 513 340 573 Nam
354 530 465 572 errasse
474 511 663 588 Saluagnium
678 512 747 570 dum
759 511 933 588 Cinyphiam
947 511 1069 571 humum
1080 507 1137 589 (Ib.
1150 506 1219 589 222)
1230 507 1376 586 Libycam

220 597 430 672 interpretatur,
451 595 539 652 docet
562 611 622 652 non
644 593 740 652 solum
761 593 861 653 Ouidii
880 611 959 664 usus,
981 592 1033 652 sed
1054 593 1188 651 omnium
1210 599 1375 668 poetarum.

221 679 290 754 Ipse
304 677 481 737 uocabulum
495 676 593 751 posuit
607 674 692 733 Pont.
707 676 734 733 ii.
748 688 775 749 7.
789 688 825 748 25
843 673 998 749 Cinyphiae
1010 677 1106 750 segetis
1119 675 1201 732 ci'ti'iis
1214 674 1378 731 numerabis

220 761 342 819 harenas
355 758 477 832 Altaque
490 776 572 832 quom
586 756 681 814 mullis
686 757 793 832 floreat
804 756 902 832 Hybla
916 757 1024 832 thymis,
1039 757 1088 813 ubi
1102 756 1228 832 loquitur
1242 755 1278 814 de
1294 756 1376 812 uber-

222 841 307 899 rimis
324 842 407 899 aruis
426 857 479 915 per
499 856 573 913 quae
593 837 704 914 Cinyps
725 837 833 896 decidit
852 834 970 914 (Meti.
989 852 1025 913 37
1042 837 1087 895 ed.
1104 837 1235 912 Parthey,
1250 836 1287 895 cl.
1302 836 1376 912 Lyc.

223 927 282 996 885
307 923 424 995 Αὕσιγδα
451 920 590 993 Κινύφειος
616 919 647 990 ἣν
673 922 771 994 τέγγων
797 919 857 993 ῥόος
885 925 1002 990 Νασμοῖς
1029 916 1170 998 λιπαίνει);
1201 917 1244 975 Μ.
1265 937 1291 976 ν.
1316 936 1375 989 124

226 1004 381 1078 Cinyphius
394 1001 506 1059 Pelates
521 1001 570 1058 ubi
584 1019 652 1059 cum
667 1001 729 1058 aliis
739 999 855 1059 Africae
874 1001 992 1077 populis
1005 1000 1131 1075 iungitur
1145 1009 1176 1058 ut
1190 999 1378 1058 Marmaridis

222 1103 258 1144 ac
266 1083 487 1142 Nasamonibus
499 1101 507 1155 ;
529 1081 572 1140 M.
584 1101 630 1140 xv.
644 1095 702 1157 754
713 1081 907 1157 Numidasque
921 1083 1029 1140 rebelles
1043 1081 1264 1159 Cinyphiumque
1273 1079 1377 1138 Iubam

222 1167 272 1225 ubi
286 1165 378 1224 Iubae
393 1165 505 1223 uidetur
519 1165 601 1239 regni
615 1165 705 1222 finem
719 1165 756 1222 ab
771 1164 923 1223 occidente
938 1164 1109 1239 significare,
1124 1163 1160 1222 cf.
1176 1162 1247 1221 Luc.
1260 1183 1286 1238 9.
1303 1181 1363 1236 300
1368 1181 1377 1234 ;

223 1248 266 1306 M.
290 1261 345 1322 272
365 1244 505 1322 Squamea
525 1243 663 1321 Cinyphii
679 1248 768 1303 tenuis
789 1245 947 1303 membrana
966 1246 1096 1319 chelydri,
1117 1264 1187 1304 nam
1207 1243 1379 1303 abundabat

224 1329 407 1406 serpentibus
430 1325 551 1404 Cinypis
579 1327 660 1401 regio
684 1327 763 1386 unde
786 1327 924 1386 Lucanus
949 1327 985 1384 ix.
1012 1331 1067 1401 787
1094 1326 1131 1385 de
1156 1344 1227 1403 sepe
1250 1325 1377 1401 loquens

226 1410 381 1487 Cinyphias
401 1411 473 1466 inter
487 1416 576 1484 pestes
596 1409 651 1465 libi
662 1410 759 1483 palma
780 1410 897 1466 nocendi.
940 1408 1048 1467 Hi'rcos
1065 1407 1216 1485 Cinyphiis
1229 1406 1377 1483 Vergilius

224 1492 262 1552 G.
277 1493 314 1549 iii.
336 1510 405 1566 312,
423 1489 509 1549 Silius
527 1491 564 1548 iii.
586 1492 651 1564 276,
674 1489 814 1548 Martialis
833 1490 887 1547 viii.
910 1504 957 1563 51.
980 1509 1025 1561 11,
1045 1490 1100 1548 xiv.
1119 1509 1184 1561 140.
1205 1509 1232 1560 2,
1254 1490 1378 1563 scriptor

223 1572 448 1651 Epigrammatis
463 1571 553 1630 Anth.
568 1569 602 1629 L.
622 1574 677 1630 186
690 1591 698 1643 ;
730 1570 885 1646 Cinyphiis
899 1573 1018 1646 paludes
1036 1582 1068 1630 ut
1085 1571 1187 1648 optimi
1202 1570 1250 1627 lini
1264 1569 1378 1628 feraces

226 1655 344 1714 Gratius
364 1653 438 1730 Cyn.
454 1671 492 1727 34
514 1664 734 1712 commemorat.
781 1652 840 1711 Sed
860 1654 977 1728 grauior
998 1654 1078 1712 testis
1100 1653 1185 1711 nobis
1208 1649 1293 1711 Silius
1314 1651 1379 1722 erit,

224 1738 358 1797 iocorum
373 1735 608 1811 diligentissimus
623 1745 770 1793 enarrator
785 1734 856 1792 Pun.
872 1735 898 1792 ii.
915 1749 952 1811 59

407 1817 540 1874 Ammona
560 1817 606 1874 liic
622 1819 734 1893 genitus
753 1816 944 1892 Phorcynidos
964 1823 1049 1875 anlro
1069 1815 1206 1874 Medusae

411 1897 630 1974 Cinyphiumque
649 1896 762 1968 Macen,
783 1905 810 1954 ei
827 1901 922 1973 iniquo
941 1918 955 1955 e
975 1900 1029 1956 sole
1048 1898 1163 1956 colentes

408 1979 561 2038 Battiadas
581 1981 634 2037 late
655 1982 768 2055 imperiii
788 1982 950 2054 sceptrisque
971 1980 1086 2058 regebat.

226 2063 304 2122 eiiii.
322 2074 358 2135 27
362 2076 378 2136 5
613 2059 750 2135 Cinyphii
766 2062 884 2118 didicere
903 2059 1007 2120 Macae

226 2144 276 2222 qui
304 2143 450 2219 Cinypem
474 2140 578 2212 Macis,
606 2142 718 2219 populo
747 2143 873 2218 regionis
899 2142 1026 2218 Syrticae
1048 2141 1174 2222 (Herod.
1195 2144 1231 2202 iv.
1257 2155 1321 2216 175,
1346 2139 1380 2220 6)
1414 2167 1416 2169 ·

227 2225 369 2300 adsignat,
379 2224 504 2299 facitque
514 2222 672 2298 Cyrenaeis
683 2222 908 2284 conterminos*
931 2224 1008 2285 Vide
1019 2224 1175 2284 Cellarium
1185 2225 1222 2284 ad
1234 2225 1282 2283 Sil.
1291 2225 1318 2281 ii.
1329 2237 1380 2298 59.

269 2308 317 2364 An
332 2306 413 2365 aliter
426 2323 472 2363 res
486 2304 638 2362 odoranda
651 2315 701 2376 est,
717 2305 754 2363 ad
774 2305 852 2363 aliud
868 2305 1039 2365 deducimur
1056 2307 1169 2365 cubile?
1205 2306 1283 2365 Nam
1298 2305 1381 2381 quod

227 2389 315 2447 habet
336 2386 491 2445 scholiasta
513 2385 543 2443 P
563 2386 601 2444 ad
624 2404 680 2443 222
704 2388 750 2444 uel
771 2389 839 2462 quia
861 2394 946 2446 nolus
969 2396 1009 2445 esi
1031 2390 1062 2446 in
1084 2391 1145 2464 i'psa
1169 2388 1309 2464 Cinyphia
1331 2387 1385 2444 ubi

227 2470 373 2529 adundant
384 2469 462 2526 hi'rei'
473 2468 513 2526 ita
527 2476 623 2543 potest
636 2485 738 2526 uerum
752 2487 815 2527 esse
830 2477 861 2526 ut
877 2469 1046 2545 Cinyphiam
1061 2471 1173 2529 humum
1189 2489 1251 2528 non
1265 2468 1301 2528 de
1315 2469 1383 2545 ipsa

228 2551 348 2627 regione
363 2549 483 2626 Cinypis
502 2549 703 2625 interpreteris,
720 2568 815 2626 neque
829 2568 899 2609 uero
914 2560 1062 2628 tamquam
1077 2550 1187 2628 Libyca
1201 2561 1314 2609 tantum
1334 2550 1381 2621 sit,

229 2633 282 2692 sed
303 2641 334 2690 ut
355 2631 392 2691 de
413 2631 533 2706 regione
554 2630 663 2690 dictum
684 2640 768 2706 putes
788 2650 864 2709 quae
884 2632 970 2692 hircis
991 2633 1166 2693 abundabat.
1215 2632 1297 2691 Talis
1318 2641 1382 2690 erat

231 2713 364 2782 Mendes,
379 2713 448 2770 urbs
462 2712 598 2787 Aegypti,
613 2713 677 2769 ὅπου
698 2715 743 2770 τὸν
756 2719 829 2769 Πᾶνα
848 2721 942 2786 τιμῶσι
963 2719 1003 2771 καὶ
1023 2722 1074 2772 τῶν
1090 2719 1160 2784 ζώων
1176 2719 1270 2788 τράγον
1284 2713 1380 2771 Strab.

231 2799 299 2865 802,
315 2795 365 2852 ubi
378 2812 478 2853 uersus
493 2793 609 2852 Pindari
624 2793 661 2852 fr.
673 2808 729 2868 215
745 2795 821 2865 citat,
834 2794 871 2853 cf.
886 2796 997 2855 Herod.
1009 2796 1036 2854 ii.
1049 2816 1096 2868 42,
1110 2799 1158 2868 46.
1202 2795 1260 2854 Sed
1275 2795 1382 2870 etipse

229 2878 324 2936 hircus
338 2877 443 2933 mendes
456 2876 667 2952 Aegyptiorum
681 2876 781 2951 lingua
794 2879 953 2936 uocabatur
967 2877 1092 2956 (Herod.
1108 2878 1126 2936 l.
1137 2876 1184 2955 2.).
1220 2876 1284 2935 Nec
1300 2876 1383 2936 deest

230 2959 320 3017 homo
341 2956 539 3021 †Mendesius
560 2957 687 3034 aequalis
708 2957 824 3029 Ouidio,
845 2960 976 3034 potentia
996 2959 1169 3035 praecipuus
1191 2968 1220 3017 et
1241 2958 1290 3035 qui
1311 2975 1382 3015 eum

230 3050 358 3101 euertere
372 3048 479 3115 posset.
513 3038 698 3114 Thrasyllum
714 3039 788 3112 dico,
800 3040 978 3116 astrologum
993 3059 1148 3111 summurn,
1160 3059 1248 3117 quem
1262 3048 1383 3116 propter

229 3123 361 3199 peritiam
378 3120 593 3180 Chaldaeorum
613 3121 680 3180 artis
699 3121 841 3194 Tiberius,
856 3140 892 3180 ex
914 3140 973 3198 quo
995 3123 1147 3182 scientiam
1167 3123 1227 3181 eius
1245 3131 1382 3197 expertus

229 3215 290 3264 erat
311 3202 418 3274 Rhodi,
441 3220 500 3280 quo
525 3199 620 3277 74816
644 3220 680 3260 ex
702 3202 782 3262 Vrbe
803 3214 968 3273 secesserat,
989 3205 1063 3262 inter
1083 3205 1199 3262 intimos
1221 3203 1383 3262 amicorum

230 3287 349 3344 tenebat
363 3284 448 3364 (Tac.
463 3283 540 3342 Ann.
556 3284 591 3342 vi.
608 3280 668 3359 2ο).
711 3283 816 3343 Narrat
835 3286 874 3342 ibi
888 3285 1009 3344 Tacitus
1024 3285 1174 3344 Tiberium
1193 3285 1383 3362 praecipitare

230 3386 298 3427 eum
312 3367 343 3424 in
356 3365 477 3441 pelagus
492 3365 659 3436 destinasse,
675 3365 730 3423 nisi
745 3365 914 3443 Thrasyllus
929 3369 1117 3444 interrogatus
1131 3387 1169 3425 an
1182 3386 1262 3425 suam
1280 3385 1383 3441 quoque

226 3450 374 3526 genitalem
394 3448 492 3505 liorem
513 3448 690 3521 comperisset,
713 3449 906 3523 cumposiius
927 3449 1049 3506 siderum
1073 3469 1106 3507 ae
1129 3451 1221 3524 spolia
1245 3449 1384 3506 dimensus

230 3538 315 3601 esset,
332 3528 523 3587 exclamasset
543 3527 702 3604 ambiguum
722 3528 782 3585 sihi
798 3548 832 3586 ac
846 3540 931 3605 prope
952 3532 1079 3588 ultimum
1100 3532 1247 3588 discrimen
1268 3531 1383 3589 instare.

266 3704 281 3738 *
297 3701 353 3748 Non
368 3717 406 3749 me
423 3703 482 3766 fugit
496 3701 610 3749 Mauram
626 3717 639 3748 a
656 3702 735 3750 quen.
748 3703 779 3749 vi.
792 3701 847 3762 308,
860 3717 884 3752 x.
899 3716 945 3767 224
962 3704 1017 3764 poni
1034 3712 1155 3764 tamquam
1173 3703 1297 3763 turpissimi
1314 3705 1385 3751 scorti

233 3768 373 3827 exemplum,
385 3770 459 3815 uerbis
476 3777 528 3815 utor
545 3767 678 3814 Buecheleri
694 3768 779 3816 Rhein.
792 3768 853 3817 Mus.
865 3784 936 3816 xxxv.
949 3779 1005 3832 397,
1018 3771 1082 3816 cuius
1098 3778 1244 3830 contemptus
1260 3769 1386 3828 primordia

234 3835 257 3880 in
269 3833 369 3893 Priapeis
379 3833 426 3883 xlv.
437 3847 459 3894 3,
469 3834 524 3883 xlvi.
537 3846 546 3879 1
559 3834 621 3880 idem
633 3833 783 3881 Buechelerus
795 3836 892 3882 notauit.
920 3836 1002 3895 Neque
1014 3836 1067 3882 ideo
1079 3844 1156 3883 tamen
1169 3835 1302 3881 crediderim
1316 3836 1386 3896 Ciny-

231 3898 313 3962 phiam
324 3898 363 3945 hic
374 3908 471 3946 matrem
486 3900 555 3946 Ibidis
567 3908 686 3961 tamquam
698 3899 813 3945 Maurum
824 3898 847 3947 h.
858 3915 878 3948 e.
890 3901 1003 3947 sordidam
1016 3901 1093 3961 lupam
1105 3901 1242 3961 appellatam
1251 3901 1280 3946 ab
1290 3900 1385 3949 Ouidio.

266 3964 361 4023 †Plut.
379 3966 407 4013 de
426 3966 510 4012 Fluuiis
526 3965 558 4012 xi.
597 3967 651 4012 Non
669 3966 722 4013 satis
739 3980 820 4011 causae
836 3966 904 4012 uideo
920 3982 960 4013 cur
976 3966 1046 4013 alium
1063 3967 1124 4014 hunc
1141 3967 1262 4014 Clintonus
1279 3968 1387 4014 statuerit

234 4096 294 4146 Plut.
314 4097 343 4144 de
361 4097 481 4144 Masuri
501 4098 641 4161 astrologum
660 4097 728 4152 hunc,
745 4096 833 4143 Tiberii
852 4105 875 4144 et
893 4098 970 4144 Ouidii
989 4098 1115 4159 aequalem,
1136 4097 1210 4145 fuisse.
1244 4097 1336 4156 Scripsit
1356 4098 1388 4145 de

234 4163 325 4210 Musica
337 4163 470 4224 Thrasyllus
482 4163 606 4210 Phliasius:
623 4164 678 4224 quid
695 4163 749 4209 huic
765 4177 817 4209 cum
835 4163 977 4226 astrologia?
1010 4165 1096 4210 Contra
1109 4164 1229 4210 Mendesio
1240 4172 1319 4223 aptum
1331 4165 1388 4210 scri-

234 4230 288 4276 bere
297 4230 454 4292 Aegyptiaca:
471 4244 545 4291 neque
557 4229 604 4277 eius
616 4229 685 4276 fidem
696 4229 785 4275 uidetur
798 4228 886 4276 eleuare
894 4230 1019 4276 Muellerus
1031 4230 1070 4290 qui
1082 4230 1210 4292 fragmenta
1222 4229 1314 4292 collegit
1325 4229 1387 4279 Hist.

234 4295 317 4342 Graec.
329 4295 360 4342 iii.
377 4310 415 4356 pp.
428 4307 549 4357 501-504.
583 4294 641 4343 Vide
653 4294 798 4341 Recherches
813 4310 850 4341 sur
867 4295 888 4342 la
900 4296 937 4342 vie
954 4304 978 4342 et
994 4295 1026 4340 les
1043 4309 1156 4358 ouvrages
1173 4294 1202 4343 de
1214 4294 1333 4354 Thrasylle
1345 4309 1388 4353 par

234 4360 271 4407 M.
283 4355 367 4407 t’Abbt
378 4361 444 4407 Sevin
456 4362 479 4406 in
491 4361 536 4408 vol.
546 4376 561 4407 x
573 4361 612 4407 des
624 4361 750 4408 Mhmoires
765 4361 793 4407 de
805 4361 942 4409 Litterature
954 4361 1011 4409 tirea
1027 4360 1065 4408 des
1077 4361 1195 4424 Re'gistres
1205 4361 1233 4407 de
1245 4359 1388 4408 l'Acadimie

234 4424 324 4486 Royale
336 4425 374 4472 des
387 4426 534 4487 Inscriptions
545 4435 569 4474 et
581 4425 653 4474 Belles
665 4427 755 4474 Lettres
767 4424 863 4489 (1736).
