3038 4988
487 386 835 450 COMMENTARIVS.
1179 389 1232 444 161

84 547 205 612 utroque
220 558 307 614 genu,
326 541 436 597 collecto
455 559 596 641 sanguine
614 543 723 597 discum
740 544 805 614 Ipse
825 545 912 613 super
927 557 984 605 sese
1003 545 1084 596 rotat
1099 547 1183 612 atque
1204 542 1237 596 iu

83 613 335 668 nubilacondit.
390 617 487 669 misso
515 613 733 683 bylaunching.'
785 612 1117 682 mordebere‘flingati
1154 613 1236 666 Idem

83 684 143 739 fere
162 685 239 754 quod
258 684 381 738 metiere.
454 688 524 739 588.
545 689 615 746 Quo
633 688 717 751 orbe,
730 693 760 738 ut
776 686 828 754 qui
844 687 915 754 aper
932 696 991 752 503,
1003 698 1038 750 4:
1058 700 1125 737 nam
1143 700 1237 753 neque

85 754 181 808 discus
206 772 298 824 neque
320 772 389 824 aper
409 771 485 808 unus
509 754 679 824 intelligitur,
702 755 753 808 sed
778 765 821 809 est
842 753 1026 823 brachylogia
1047 771 1098 823 pro
1119 753 1236 808 ‘eodem

84 825 172 878 modo
185 835 213 879 te
226 843 295 894 aper
307 835 418 894 rumpat
432 842 488 895 quo
502 825 688 894 Lycurgiden,
701 825 796 879 discus
810 841 865 896 quo
880 824 1091 891 Hyacinthum.³
1152 828 1237 892 orbe,

85 895 220 950 disci'M.
240 915 265 950 x.
288 896 337 963 183
363 897 471 949 Tollere
496 897 666 950 Taenarides
690 896 780 949 orbem
797 895 976 966 properabat,
995 900 1028 948 at
1047 896 1131 948 illurn
1150 896 1241 948 Dura¹

84 970 277 1036 repercussum
289 967 404 1020 subiecit
415 968 446 1020 in
459 974 526 1020 ae'ra
538 966 622 1020 tellus
631 967 667 1020 In
680 966 788 1034 nultus,
798 965 966 1036 Hyacinthe,
979 970 1048 1019 tuos.
1075 967 1145 1020 Stat.
1156 968 1189 1021 T.
1200 965 1238 1022 vi.

84 1036 146 1104 656.
219 1039 385 1092 Oebalides
399 1039 438 1091 M.
452 1056 478 1091 x.
495 1036 552 1104 196.
590 1036 770 1106 Hyacinthus
784 1036 886 1091 Oebali
899 1036 972 1090 filius
989 1035 1162 1106 est‘Hygino
1176 1049 1237 1104 271,

86 1105 463 1173 LucianoDial.Mort.14.
501 1106 645 1176 Plerisque
665 1107 845 1174 Hyacinthus
865 1106 937 1161 filius
955 1108 1100 1175 Amyclae,
1119 1116 1236 1175 patruus

85 1177 189 1231 Oebali
208 1188 269 1232 est:
294 1178 419 1232 Oebalus
438 1177 515 1232 enim
533 1177 605 1231 lilius
620 1179 770 1246 Cynortae,
788 1176 881 1232 fratris
900 1177 1065 1245 Hyacinthi.
1102 1179 1184 1231 Paus.
1199 1177 1238 1233 iii.

88 1262 111 1302 1.
122 1262 147 1314 3.
219 1251 291 1301 589.
310 1252 449 1302 ettennon
460 1252 603 1312 lacertos,
617 1249 693 1317 quod
706 1248 737 1301 fit
749 1248 778 1301 in
792 1248 896 1302 nando.
930 1249 969 1301 M.
981 1247 1015 1302 iv.
1026 1260 1077 1316 353
1087 1248 1194 1302 Desilit
1204 1249 1237 1302 in

84 1319 189 1386 latices,
202 1319 368 1388 alternaque
379 1319 494 1372 bracbia
505 1320 616 1372 ructans
627 1320 664 1373 In
676 1319 795 1388 liquidis
807 1317 963 1372 translucet
974 1321 1063 1387 aquis.
1166 1321 1242 1375 590.

84 1391 241 1454 Abydena
258 1389 287 1444 in
307 1407 363 1459 qua
382 1389 512 1444 Leander
529 1389 621 1458 periit.
695 1393 785 1453 peior
803 1388 937 1457 infestior,
956 1399 987 1443 ut
1006 1389 1107 1442 melior
1122 1389 1175 1458 629
1194 1399 1237 1444 est

84 1459 179 1515 tutior.
288 1464 353 1514 591.
372 1463 527 1514 Oomioue.
565 1459 604 1530 (1)
618 1460 748 1529 Eupolis.
787 1459 864 1514 Suid.
878 1459 1075 1514 sullicitis.
1112 1456 1238 1513 Ἀπέθανε

84 1529 232 1602 ναυαγήσας
249 1530 313 1584 κατὰ
330 1531 375 1584 τὸν
388 1528 585 1598 Ἑλλήσποντον
602 1530 631 1583 ἒν
648 1534 684 1602 τῷ
701 1532 766 1599 πρὸς
784 1528 996 1597 Λακεδαιμονίους
1013 1528 1129 1601 πολέμῳ·
1150 1531 1191 1583 καὶ
1209 1530 1239 1583 ε’κ

84 1599 178 1654 τούτου
205 1599 321 1669 ε’κωλόθπ
346 1600 534 1671 στρατεύεσθαι
555 1599 671 1668 ποιητήν.
711 1600 820 1669 Quibus
849 1599 943 1654 uerbis
969 1599 1130 1654 Meinekius
1156 1602 1237 1656 Com.

85 1671 109 1723 F
112 1687 200 1740 ragm.
211 1671 226 1725 i.
238 1688 264 1740 p.
278 1684 325 1740 105
339 1688 396 1725 non
408 1671 546 1726 dubitauit
557 1671 624 1742 quin
637 1680 685 1725 aut
698 1671 817 1725 celebris
829 1670 877 1725 illa
889 1669 1106 1725 Atheniensium
1118 1670 1238 1726 uictoria

85 1741 122 1795 de
136 1742 369 1796 Lacedaemoniis
383 1742 420 1796 ad
434 1744 610 1810 Cynossema
627 1752 771 1812 reportata
789 1751 837 1796 aut
855 1741 992 1811 proelium
1009 1741 1046 1795 ad
1061 1743 1237 1810 Aegospota-

84 1829 148 1865 mos
173 1812 357 1866 commissum
381 1812 570 1882 significatum
595 1813 640 1867 sit.
689 1814 786 1867 Plures
812 1811 937 1881 Eupolin*
957 1811 1010 1865 ‘ab
1034 1812 1183 1867 Alcibiade
1207 1812 1237 1866 in

86 1882 213 1937 Siciliam
226 1884 379 1952 nauigante
391 1894 505 1953 propter
516 1886 622 1953 Baptas
635 1883 760 1938 fabulam
773 1882 802 1936 in
814 1900 893 1937 mare
903 1881 1043 1936 deiectum
1053 1900 1116 1936 esse
1128 1883 1238 1938 serunt!

87 1952 249 2008 Meinekius
263 1955 279 2008 l.
291 1971 313 2009 c.
330 1955 423 2009 Schol.
434 1954 567 2008 Aristidis
577 1970 605 2023 p.
616 1969 669 2021 444
680 1954 807 2007 Dindorf
811 1970 855 2023 ap.
868 1954 970 2022 Bergk.
982 1954 1060 2007 Poet.
1073 1955 1135 2022 Lyr.
1146 1970 1172 2022 p.
1186 1966 1236 2022 593

83 2021 254 2094 Ἐκωμῴδουν
261 2024 387 2094 ὀνομαστὶ
394 2024 454 2079 τοὺς
462 2025 556 2093 ἄνδρας
562 2024 653 2095 μέχρις
661 2023 814 2079 Εὐπόλιδος·
827 2026 940 2089 περιεῖλε
949 2024 977 2076 δὲ
986 2027 1062 2077 τοῦτο
1070 2021 1238 2092 Ἀλκιβιάδης
1252 2064 1254 2067 ψ

85 2093 259 2165 όστροτήγδς
276 2097 318 2149 καὶ
334 2093 428 2166 ῥήτωρ.
457 2095 618 2163 κωμωδηθεὶς
635 2096 686 2166 γὰρ
702 2096 772 2166 παρδ
790 2093 935 2149 Εὐπόλιδος
951 2093 1061 2164 ἕρῥιψεν
1079 2094 1155 2147 uiride
1167 2094 1194 2147 ἐν
1206 2094 1238 2162 τῇ

85 2165 200 2232 θαλάττῃ
213 2167 242 2219 ἐν
254 2166 356 2234 Σικελίᾳ
373 2169 620 2236 συστρατευόμενον,
634 2166 711 2219 εἰπὼν
724 2167 809 2220 Βάπτε
827 2187 858 2234 με
872 2163 995 2234 (Βάπτεις
1007 2161 1033 2234 μ’
1046 2164 1195 2234 Bergkius)
1209 2165 1238 2218 ἓν

85 2236 239 2306 θυμελῃσιν,
252 2238 304 2309 ἐγὼ
317 2235 348 2289 δέ
359 2257 391 2288 σε
404 2235 499 2305 κόμασι
511 2240 607 2291 πόντου
621 2237 753 2303 Βαπτίζων
764 2236 852 2289 ὀλέσω
864 2237 960 2305 νάμασι
972 2237 1143 2305 πικροτάτοις.
1178 2235 1237 2291 Cic.

85 2306 124 2360 ad
141 2309 199 2362 Att.
212 2306 248 2362 vi.
266 2308 334 2361 1.18
352 2308 414 2360 Nos
427 2308 572 2378 publicam
586 2311 678 2379 prope
696 2308 855 2378 opinionem
873 2308 962 2360 secuti
977 2323 1077 2360 summ
1094 2312 1128 2360 ut
1145 2308 1238 2360 multa

85 2378 167 2447 apud
177 2378 304 2432 Graecos.
337 2379 408 2447 Quis
419 2380 494 2431 enim
507 2395 563 2432 non
575 2380 652 2433 dixit
663 2381 777 2432 Εὔπολιν
792 2381 838 2431 τὸν
854 2379 899 2445 τῆς
916 2376 1024 2448 ἀρχαίας
1040 2377 1075 2430 ab
1090 2377 1241 2432 Alcibiade

85 2450 242 2520 nauigante
257 2450 289 2503 in
306 2449 437 2502 Siciliam
453 2450 588 2503 deiectum
604 2453 659 2503 e'sse
671 2451 702 2502 in
715 2451 816 2504 mare?
851 2449 1011 2519 Redarguit
1028 2447 1238 2517 Eratosthenes,

85 2521 168 2588 affert
176 2521 252 2573 enim
261 2537 333 2589 quas
341 2520 391 2574 ille
395 2520 618 2642 postidtempus
617 2520 738 2590 fabulas
746 2521 878 2574 docuerit.
906 2521 978 2573 Cum
988 2518 1083 2589 itaque
1093 2520 1238 2588 uulgatam

84 2589 172 2645 fuisse
182 2591 256 2644 hanc
265 2590 300 2644 de
311 2591 395 2659 Eupo
406 2589 460 2643 idis
471 2600 561 2644 morte
571 2590 697 2644 fabulam
706 2591 810 2644 diserte
821 2590 922 2644 doceat
933 2589 1041 2658 Cicero,
1050 2606 1108 2643 non
1118 2591 1238 2644 multum

85 2671 185 2715 contra
203 2662 278 2716 ualet
297 2660 327 2715 id
346 2661 422 2730 quod
441 2660 517 2714 idem
536 2660 696 2714 Meinekius
714 2660 846 2729 ostendit,
859 2660 1007 2714 Aelianum
1024 2662 1062 2714 H.
1075 2662 1109 2716 A.
1122 2679 1147 2715 x.
1161 2675 1192 2727 4ι
1208 2671 1237 2715 et

85 2733 216 2785 Tzetzam
237 2731 307 2786 Chil.
327 2731 362 2786 iv.
376 2743 426 2799 245
447 2730 570 2801 Eupolin
593 2731 621 2786 in
639 2730 751 2799 Aegina
769 2731 861 2785 insula
880 2740 1022 2785 mortuum
1040 2732 1239 2802 sepultumque

85 2801 207 2868 tradere,
221 2801 392 2856 Pausaniam
405 2811 500 2856 autem
513 2801 540 2855 ii.
555 2814 580 2868 7.
593 2816 611 2868 4
623 2811 838 2856 monumentum
851 2800 911 2855 eius
924 2801 954 2855 in
967 2819 1035 2871 agro
1055 2801 1188 2871 Sicyonio
1206 2819 1238 2857 se

85 2871 192 2926 uidisse
217 2889 338 2926 narrare.
378 2871 499 2953 Fuitque
523 2872 596 2928 haec
619 2871 761 2926 sententia
785 2871 945 2940 Politiani*,
969 2871 1095 2926 Tumebi
1116 2872 1237 2928 Aduers.

86 2941 122 2996 ix.
141 2943 184 3009 26,
210 2942 320 2997 Schotti
347 2942 418 2996 Obs.
443 2942 469 2996 ir.
493 2956 535 3010 32.
595 2941 634 3011 (2)
662 2943 830 2997 Menander.
877 2942 971 2997 Schol.
998 2941 1143 3011 Saluagnii
1168 2942 1237 2998 dicit

84 3012 161 3066 hunc
183 3013 251 3066 dum
276 3012 305 3067 in
328 3012 445 3067 Piraeeo
470 3022 581 3067 nataret
605 3013 783 3067 submersum
807 3029 888 3066 esse:
918 3012 994 3082 quod
1015 3029 1114 3067 uerum
1137 3013 1237 3068 habuit
1291 3066 1293 3071 .

86 3082 248 3149 Meinekius
271 3084 428 3152 Prolegom.
450 3082 488 3137 ad
508 3083 659 3138 Menandri
682 3085 794 3152 Fragm.
817 3100 843 3152 p.
866 3101 927 3150 xxv,
950 3083 1080 3152 quamuis
1102 3100 1136 3137 ex
1157 3093 1238 3139 tanta

85 3169 183 3206 eorum
205 3153 253 3224 qui
275 3153 364 3207 uitam
386 3153 538 3208 Menandri
563 3153 682 3223 attigere
706 3152 886 3207 multitudine
910 3169 995 3206 nemo
1016 3152 1046 3207 id
1067 3152 1138 3207 alius
1160 3171 1237 3207 com-

84 3223 258 3278 memorarit.
295 3225 371 3278 Sane
384 3225 543 3293 sepulcrum
556 3224 616 3278 eius
629 3224 658 3278 in
670 3223 718 3278 uia
730 3241 803 3294 quae
816 3241 833 3278 a
847 3223 963 3278 Piraeeo
973 3225 1101 3278 Athenas
1114 3224 1237 3280 ducebat

84 3293 157 3348 uidit
171 3294 327 3349 Pausanias
339 3294 356 3349 i.
371 3309 395 3349 2.
410 3310 435 3362 2,
449 3305 477 3349 et
494 3294 523 3348 in
538 3294 654 3349 Piraeeo
669 3294 817 3364 praedium
835 3294 942 3362 habuit,
956 3293 979 3348 si
998 3311 1056 3348 non
1075 3304 1238 3354 commenta

85 3363 165 3419 finxit
183 3365 339 3434 Alciphron
358 3364 386 3420 ii.
405 3379 429 3431 4
469 3365 526 3419 Sed
545 3375 605 3420 tam
623 3367 712 3419 multa
732 3365 907 3420 Scholiastae
928 3364 1017 3420 Ibidis
1037 3375 1085 3420 aut
1104 3365 1170 3420 ficta
1188 3375 1238 3422 aut

85 3445 162 3489 certe
174 3435 246 3489 falsa
258 3436 364 3490 habent
377 3445 407 3489 ut
420 3434 507 3488 nolim
520 3435 563 3490 his
577 3445 676 3490 contra
690 3435 857 3491 Ciceronem
869 3435 993 3491 credere.
1025 3435 1063 3505 (3)
1081 3437 1237 3492 Terentius.

86 3505 202 3560 Sueton.
222 3504 250 3559 in
267 3505 315 3561 uit.
330 3505 455 3561 Terentii
468 3522 496 3575 p.
510 3521 543 3573 32
562 3505 776 3575 Reyfferscheid
794 3508 839 3560 De
857 3512 945 3560 morte
962 3508 1023 3560 eius
1039 3506 1181 3561 Volcatius
1198 3509 1241 3562 sic

84 3576 184 3630 tradit.
216 3576 277 3631 Sed
285 3582 318 3630 ut
329 3576 405 3646 Afer
410 3576 518 3646 populo
530 3594 580 3630 seu
589 3577 665 3631 dedit
676 3578 837 3644 comoedias,
850 3579 912 3632 Iter
921 3578 988 3632 bc'rrc
998 3579 1030 3631 in
1042 3578 1146 3632 Astora
1155 3579 1237 3648 fecit.

84 3663 188 3700 nauem
204 3652 299 3700 autem
315 3653 350 3701 ut
362 3648 447 3702 semel
464 3648 635 3716 Conscendit,
655 3649 735 3702 uisus
752 3665 908 3718 numquam
926 3654 986 3702 est:
1005 3650 1046 3703 sic
1063 3651 1127 3704 nito
1144 3655 1238 3704 uacat.

86 3716 120 3786 Q.
142 3718 291 3772 Cosconius
308 3717 467 3771 redeuntem
485 3734 500 3771 e
519 3718 638 3772 Graecia
654 3721 762 3788 perisse
779 3721 811 3773 in
830 3720 908 3772 mari
925 3720 995 3773 dicit
1012 3736 1075 3774 cnm
1095 3732 1114 3774 c
1133 3726 1162 3774 et
1178 3733 1237 3774 vm

74 3787 190 3858 sabulis
202 3789 342 3841 conuersis
354 3806 372 3840 a
384 3788 561 3843 Menandro:
577 3791 662 3843 ceteri
672 3795 816 3843 mortuum
828 3806 885 3843 esse
895 3791 927 3844 in
938 3790 1068 3844 Arcadio
1080 3792 1105 3844 S
1104 3792 1241 3862 timplzali

83 3858 146 3911 siue
169 3858 326 3911 Leucadem
350 3859 477 3926 traslunt,
501 3859 551 3913 Cn.
575 3860 704 3914 Cornelio
727 3860 875 3915 Dolabella
899 3861 942 3915 M.
963 3861 1072 3914 Fuluio
1091 3862 1239 3916 Nobiliore

83 3927 251 3997 consulibus,
265 3929 358 3982 morbo
370 3930 548 3999 implicatum
562 3948 599 3984 ex
608 3930 702 3984 dolore
720 3949 753 3985 ac
769 3932 861 3985 taedio
876 3932 1046 3986 amissorum
1057 3933 1239 3986 sarcinarum

84 4000 206 4068 quasin
224 4015 299 4053 naue
310 4002 509 4069 praemiserat,
521 4001 611 4055 simul
618 4001 790 4072 fabularum
806 4018 878 4070 quas
896 4018 987 4055 nouas
995 4002 1133 4071 fecerat†.
1171 4002 1237 4057 Fuit

84 4069 157 4125 haec
170 4069 312 4126 sententia
325 4070 397 4126 Phil.
411 4071 561 4126 Beroaldi:
581 4089 678 4127 ueram
695 4082 791 4127 tamen
808 4089 866 4126 non
883 4071 978 4127 credo.
1015 4073 1134 4147 Semper
1150 4071 1179 4126 in
1191 4072 1237 4128 his

116 4240 131 4274 ιι
148 4237 254 4284 Nutricia
266 4234 311 4286 681
327 4237 429 4299 Eupolin
445 4237 469 4285 in
484 4240 586 4288 meatum
599 4257 666 4303 quem
679 4242 780 4290 manaan
791 4240 876 4300 sabula
888 4250 984 4304 Pontum
996 4240 1118 4290 Cliniodoe
1132 4243 1239 4292 monibus

81 4304 155 4365 puppi
166 4303 274 4351 deturbat
284 4303 314 4351 ab
325 4303 382 4350 alta,

118 4369 137 4427 †
153 4369 310 4416 Emendarunt
322 4369 383 4415 hunc
394 4369 469 4416 locum
481 4370 583 4418 Suetonii
596 4371 733 4419 Ritschelius
748 4387 785 4433 ap.
798 4352 969 4436 Reyfferscheid
984 4389 1022 4435 pp.
1032 4386 1088 4437 520,
1103 4385 1124 4430 1,
1136 4373 1241 4421 Behren·

85 4432 131 4481 tius
148 4443 172 4481 et
192 4433 353 4482 Fleckeisenus
370 4435 393 4480 iu
411 4436 495 4483 Annal.
514 4437 596 4485 Philol.
612 4437 753 4486 Fleckeiseni
768 4441 821 4486 anni
835 4437 906 4501 1876,
923 4454 961 4502 pp.
974 4439 1063 4506 594-6‚
1078 4440 1116 4487 sed
1132 4447 1158 4488 ut
1173 4441 1239 4490 litem

85 4514 144 4562 quae
155 4500 185 4547 de
196 4515 226 4548 eo
237 4507 272 4547 est
284 4499 385 4548 maxima
397 4515 443 4547 uon
452 4502 591 4551 diremerint.

633 4565 677 4634 ιι
