3038 4988
154 375 210 431 120
545 372 893 435 COMMENTARIVS.

149 526 201 581 hoc
211 530 333 598 repaire
343 530 449 583 censeri
458 529 539 584 iulet.
706 533 776 586 299.
795 532 915 584 Achaei
929 529 1026 597 Polyb.
1039 526 1096 582 viii.
1110 542 1143 581 22
1157 525 1269 597 Ἀχαιὸς
1282 523 1314 594 ἦν

154 598 325 669 Ἀνδρομάχου
343 601 390 669 μέν
407 602 461 655 υίὸς
477 605 523 654 τοῦ
536 599 661 667 Λαοδίκης
677 600 805 670 ἀδελφοῦ,
817 603 862 667 τῆς
879 598 1004 654 Σελεύκου
1020 602 1150 667 γυναικός·
1182 601 1264 669 ἔγημε
1283 600 1311 652 δέ

150 669 276 736 Λαοδίκην
293 671 338 737 τὴν
357 671 515 740 Μιθριδάτου
536 675 582 724 τοῦ
603 673 736 735 βασιλέως
757 672 894 740 θυγατέρα,
913 669 997 738 κύριος
1015 671 1043 722 δέ
1064 671 1181 739 ἐγεγόνει
1202 673 1248 735 τῆς
1267 671 1311 722 ε’πὶ

149 740 210 792 τάδε
229 743 275 793 τοῦ
293 741 393 807 Ταύρου
412 742 505 808 πάσης.
544 740 600 795 Hic
623 759 688 795 cum
708 742 737 795 in
757 741 893 795 Sardibus
913 741 960 795 ubi
980 757 1032 811 pro
1051 757 1118 808 rege
1139 740 1248 809 agebat
1272 741 1310 794 ab

150 811 293 864 Antiocho
314 814 429 880 Magno,
449 830 466 866 a
485 829 541 882 quo
561 811 727 881 desciuerat,
746 811 930 880 obsideretur,
948 812 1046 865 fraude
1064 811 1176 864 Bolidis
1197 821 1309 880 captus,

151 881 286 936 mutilatis
311 883 454 951 membris,
473 893 620 952 amputato
645 884 746 952 capite,
765 893 793 937 et
819 883 847 935 in
872 882 944 936 asini
968 882 1076 935 corium
1101 881 1208 949 insuto,
1230 882 1308 935 cruci

150 953 265 1006 suffixus
279 962 321 1006 est
336 966 361 1006 Β.
371 965 397 1007 e.
411 968 469 1020 214.
622 956 693 1009 300.
712 957 858 1008 aurifera.
873 953 980 1007 Pactoli
993 952 1041 1022 qui
1055 952 1161 1005 Sardes
1176 952 1308 1021 praefluit

152 1024 194 1076 M.
202 1022 237 1077 xi.
248 1025 290 1090 87,
302 1024 389 1092 Soph.
401 1026 470 1078 Phil.
485 1039 535 1092 392
549 1026 691 1078 Πακτωλὸν
704 1027 840 1093 εὔχρυσον,
871 1027 1022 1089 pependit
1034 1033 1064 1076 ut
1076 1039 1256 1087 suspensus
1270 1023 1308 1077 ad

151 1110 263 1146 crucem
282 1095 407 1149 refertur.
445 1096 543 1163 Polyb.
556 1094 614 1150 viii.
626 1110 659 1163 23
667 1094 764 1161 Ἔδοξε
780 1092 802 1147 δ’
819 1093 864 1148 οὖν
875 1100 978 1162 πρῶτον
989 1094 1036 1163 μέν
1048 1094 1243 1162 ἀκρωτηριάσαι
1263 1096 1308 1147 τὸν

149 1165 322 1233 ταλαίπωρον,
334 1166 398 1233 μετὰ
411 1165 438 1218 δέ
455 1170 535 1219 ταῦτα
551 1165 597 1232 την
609 1165 725 1235 κεφαλὴν
739 1166 913 1233 ἀποτεμόντας
930 1165 1009 1218 αὐτοῦ
1028 1165 1068 1217 καὶ
1085 1163 1308 1233 καταῤῥάψαντας

150 1234 186 1288 εἷς
201 1232 283 1287 ὄνειον
300 1235 381 1288 ἀσκὸν
399 1235 598 1303 ἀνασταυρῶσαι
613 1238 642 1288 τὸ
661 1241 744 1302 σῶμα.
781 1239 929 1290 301-304.
948 1236 1070 1304 Pyrrhos
1088 1235 1170 1302 duos,
1184 1236 1306 1288 alterum

150 1321 247 1373 regem
264 1305 352 1374 Epiri,
370 1307 488 1360 alterum
508 1306 595 1359 filium
612 1306 739 1375 Achillis,
755 1316 784 1360 ut
804 1306 851 1360 hic
870 1305 990 1360 Ouidius
1010 1305 1162 1372 coniunxit,
1179 1305 1221 1358 sic
1240 1316 1306 1374 post

150 1392 216 1429 eum
236 1377 391 1430 Pausanias
406 1379 428 1432 I.
445 1391 514 1445 13.9
533 1381 624 1443 θαῦμα
642 1377 670 1431 δὲ
686 1381 808 1443 ποιοῦμαι
826 1383 878 1431 τῶν
894 1375 1056 1441 καλουμένων
1074 1376 1202 1428 Αἰακιδῶν
1219 1378 1307 1431 αὐτοῖς

150 1448 214 1498 κατὰ
227 1447 259 1499 τὰ
271 1448 334 1500 αὐτὰ
351 1448 378 1499 έκ
395 1451 441 1501 τοῦ
450 1450 509 1501 θεοῦ
522 1450 651 1516 συμβῆναι
661 1449 708 1514 τὴν
725 1447 854 1516 τελευτὴν.
867 1444 920 1517 ε’ίγε
932 1446 1057 1517 Ἀχιλλέα
1069 1444 1243 1514 μέν”Ομηρος
1256 1448 1307 1500 ὑπὸ

150 1514 324 1585 Ἀλεξάνδρου
348 1520 417 1585 φησὶ
438 1522 483 1571 τοῦ
504 1519 624 1587 Πριάμου
646 1521 686 1571 καὶ
706 1517 875 1573 ’Λπόλλωνος
895 1518 1050 1571 ἀπολέσθαι·
1077 1515 1185 1585 Πάρρον
1210 1517 1239 1570 δέ
1262 1519 1308 1571 τὸν

150 1583 293 1658 Ἀχιλλέως
306 1587 320 1655 'i
333 1589 417 1641 Uallia
429 1588 591 1656 προσέταξεν
602 1589 747 1643 ἀποκτεῖναι
760 1590 885 1657 Δελφοῖς·
897 1610 933 1659 τῳ
946 1588 974 1641 δε
987 1587 1108 1640 Αιακιδου
1121 1588 1221 1649 συνέβη
1234 1589 1268 1641 τὰ
1281 1588 1308 1642 ἐς

149 1660 196 1723 τὴν
208 1660 329 1726 τελευτὴν
341 1657 382 1713 οἷα
394 1658 507 1730 Ἀργεῖοί
519 1681 546 1713 τε
559 1660 669 1730 λέγουσι
682 1662 723 1713 καὶ
736 1660 845 1714 Λευκέας
856 1659 970 1725 ε’ποίησε.
1036 1661 1102 1713 301.
1121 1661 1308 1713 Achilliden
1396 1715 1398 1727 η

152 1730 291 1797 Pyrrhum
305 1730 485 1801 Epirotarum
504 1747 600 1798 regem
619 1731 666 1800 qui
682 1731 834 1785 uicesimus
852 1730 950 1784 tertius
969 1729 1006 1783 ab
1024 1729 1135 1782 Achille
1154 1729 1215 1796 fuit,
1232 1740 1307 1783 teste

150 1800 277 1854 Eusebio
286 1802 390 1855 Chron.
403 1803 424 1855 I.
435 1818 462 1870 p.
473 1816 524 1868 234
539 1802 659 1856 Scho'ne.
709 1806 850 1866 cognato
862 1805 990 1855 nomine
1004 1798 1102 1867 Pyrrhi
1116 1798 1165 1852 filii
1176 1800 1306 1855 Achillis.

152 1872 222 1925 Her.
242 1873 266 1926 8.
289 1887 305 1939 3
330 1871 463 1940 Pyrrhus
485 1872 643 1926 Achillides
671 1875 816 1926 animosus
840 1873 965 1941 imagine
983 1872 1086 1941 patris.
1134 1871 1306 1924 Plutarchus

151 1942 249 2010 Pyrrh.
263 1957 273 1995 1
288 1944 478 1996 Molossorum
490 1960 608 2011 regnum
621 1943 658 1997 ab
669 1945 723 1996 hoc
733 1942 843 2012 repetit,
856 1948 946 2012 Χρόνῳ
956 1941 984 1994 δὲ
996 1940 1108 2009 ὕστερον
1120 1944 1308 2005 Νεοπτόλεμος

150 2014 165 2063 ὁ
183 2011 326 2081 Ἀχιλλέως
343 2015 408 2066 λαὸν
425 2012 527 2081 ἀγαγὼν
543 2013 618 2068 αὐτός
632 2036 661 2068 τε
678 2015 724 2080 τὴν
738 2018 825 2083 χώραν
844 2015 954 2081 κάτεσχε
973 2012 1013 2065 καὶ
1032 2010 1154 2080 διαδοχὴν
1170 2012 1308 2074 βασιλέων

150 2080 197 2150 ἀφ’
210 2082 288 2135 αὑτοῦ
301 2082 429 2149 κατελιπε,
442 2082 573 2153 Πυῤῥίδας
584 2083 807 2153 ἐπικαλουμένους.
841 2085 973 2152 Saluagn.
987 2083 1023 2137 de
1035 2082 1150 2135 nomine
1163 2083 1309 2136 Aeacidae

151 2152 349 2223 interpretatus
366 2164 417 2220 est,
430 2171 486 2224 quo
499 2164 526 2208 et
539 2164 620 2225 pater
634 2156 731 2224 Pyrrhi
745 2172 812 2209 usus
828 2163 856 2208 et
873 2154 934 2223 ipse
949 2155 1071 2222 Pyrrhus
1088 2169 1307 2222 nonnumquam

150 2233 181 2276 ut
200 2223 229 2276 in
248 2226 361 2278 oraculo
380 2224 427 2277 illo
444 2225 503 2278 Aio
520 2231 547 2279 ie
565 2226 691 2280 Aeacida
710 2227 892 2280 celebratus*
911 2225 1002 2280 fuerit.
1048 2223 1106 2278 Sed
1122 2226 1308 2278 Achilliden

151 2294 252 2347 melius
265 2311 299 2347 ex
312 2294 394 2348 solito
404 2295 515 2365 Pyrrhi
526 2296 694 2364 cognomine
707 2314 793 2366 quam
806 2313 841 2350 ex
850 2295 984 2350 inusitato
994 2294 1136 2348 Aeacidae
1144 2294 1306 2362 explicaris.

153 2364 208 2445 Qui
222 2371 353 2429 cognato
365 2369 493 2420 nomine
505 2366 542 2420 ad
555 2366 687 2421 Achillen
700 2368 823 2421 referunt
838 2366 882 2435 (cf.
898 2367 969 2420 Plut.
980 2365 1077 2434 Pyrrh.
1087 2364 1120 2432 1),
1135 2364 1221 2418 nimis
1235 2365 1306 2419 mihi

151 2436 283 2489 uidentur
300 2439 468 2506 ταυτολογεῖν
479 2456 486 2501 ;
512 2454 564 2491 nec
584 2453 651 2491 uero
672 2438 794 2507 Pyrrhus
814 2436 946 2507 Epirotes
965 2436 1082 2490 Achillis
1100 2439 1232 2489 nomine
1251 2436 1306 2491 h.e.

152 2506 229 2575 quod
248 2506 364 2575 stirpem
383 2508 420 2560 ab
438 2507 548 2562 Achille
568 2508 682 2564 duceret
703 2513 809 2562 alarue
827 2518 895 2575 erat,
915 2507 965 2561 sed
987 2517 1097 2561 tantum
1119 2506 1306 2574 gloriabatur.
1393 2506 1397 2510 ’

150 2579 221 2632 302.
235 2579 402 2642 Opprimat
409 2577 436 2631 ui
447 2578 540 2632 subita
550 2579 669 2633 occidat.
696 2581 736 2633 M.
747 2579 792 2633 xii.
803 2581 836 2632 28
839 2594 854 2646 3
866 2595 952 2631 saxea
959 2578 1043 2631 moles
1053 2578 1201 2648 Oppressit
1212 2581 1307 2647 spatio

150 2653 270 2701 stantem
279 2651 415 2718 propiore
427 2650 563 2703 Cometen.
593 2653 712 2715 Tegula
725 2652 806 2703 Paus.
821 2649 838 2704 i.
852 2662 915 2716 13.7
929 2646 1053 2701 Ἐνταῦθα
1067 2647 1161 2716 (Argis
1175 2647 1204 2701 in
1218 2665 1306 2717 quam

152 2719 251 2772 urbem
264 2735 328 2772 cum
339 2719 463 2773 obsessis
477 2719 634 2790 inruerat)‹i
645 2719 748 2790 Hippos
759 2720 875 2788 ἐμονώθη
887 2720 926 2772 καὶ
939 2721 1106 2788 τιτρώσκεται
1119 2719 1165 2778 τὴν
1177 2719 1306 2788 κεφαλήν.

151 2791 270 2860 κεράμῳ
280 2789 311 2842 δὲ
321 2789 477 2857 βληθέντα
486 2790 535 2844 ὑπὸ
542 2791 660 2861 γυναικὸς
668 2791 785 2844 τεθνάναι
793 2794 861 2860 φασι
870 2788 983 2860 Hippon.
1001 2789 1112 2859 Ἀργεῖοι
1122 2788 1149 2841 δὲ
1158 2788 1189 2841 οὗ
1197 2791 1307 2859 γυναῖκα

150 2859 197 2926 τὴν
221 2861 416 2926 ἀποκτείνασαν,
441 2859 563 2930 Δήμητρα
588 2861 618 2914 δέ
641 2863 726 2930 φασιν
749 2858 812 2914 εἶναι
835 2862 934 2930 γυναικὶ
959 2858 1117 2928 εἰκασμένην.
1143 2859 1306 2928 (Constant.

152 2930 287 2999 Fanens.)
395 2934 465 2986 803.
478 2935 595 2997 Pyrrhi
608 2931 798 3001 Neoptolemi,
811 2931 859 2985 filii
869 2930 995 2985 Achillis.
1103 2932 1174 2984 304.
1189 2933 1308 2994 sparsa

153 3002 230 3070 Hyg.
247 3016 295 3068 123
309 3000 355 3071 qui
369 3002 462 3055 locum
474 3004 550 3056 hunc
562 3002 692 3072 respexit,
706 3013 735 3056 ut
749 3003 844 3056 docuit
859 3001 1013 3055 Mauricius
1027 2999 1201 3054 Schmidtius
1213 3003 1306 3056 Praei.

150 3089 179 3140 p.
189 3071 260 3126 xxxi.
268 3074 468 3142 Neoptolemus
478 3073 604 3127 Achillis
615 3079 642 3127 el
649 3074 816 3127 Deidamiae
819 3074 905 3144 filins
916 3090 952 3126 ex
962 3070 1164 3126 Andromacha
1174 3072 1308 3126 Eetionis

141 3144 213 3212 filia
230 3145 345 3212 captim
358 3146 524 3213 procreauit
540 3144 737 3214 Amphialum.
775 3145 825 3211 sed
831 3148 983 3213 postquam
1002 3142 1116 3195 audiuit
1128 3143 1307 3196 Hermionen

150 3218 281 3283 sponsam
293 3232 375 3267 snam
391 3215 486 3268 Oresti
494 3232 551 3268 esse
561 3216 658 3268 datam
675 3216 707 3267 in
723 3217 894 3284 com‘nginm,
907 3214 1138 3268 Lacedaemonem
1154 3215 1235 3266 uenit
1249 3220 1279 3267 et
1289 3232 1308 3266 a

151 3285 283 3338 Menelao
306 3289 437 3355 sponsam
461 3302 542 3338 snam
562 3288 644 3355 petit.
690 3286 739 3339 cui
761 3286 811 3339 ille
826 3285 915 3355 fidem
939 3301 1020 3337 snam
1039 3285 1188 3352 infirmare
1212 3285 1309 3338 noluit

150 3357 380 3424 Hermionenqne
391 3356 426 3407 al
440 3356 536 3409 Oreste
547 3356 666 3410 abdnm‘l
676 3361 703 3408 et
714 3357 894 3425 Neoptolemo
906 3356 989 3408 dedit.
1017 3354 1125 3407 Orestes
1136 3355 1250 3407 iniuria
1263 3373 1308 3408 ac·

151 3430 230 3494 cepta
245 3427 459 3495 Neoptolemum
475 3426 595 3496 Delphis
610 3428 812 3496 sacrificantem
830 3427 930 3480 occidit
947 3431 974 3479 et
984 3426 1159 3478 Hermionen
1176 3430 1307 3495 recuper-

152 3498 235 3549 auit:
260 3499 342 3548 caius
363 3513 435 3548 ossa
453 3501 519 3567 per
537 3499 626 3567 fines
648 3498 846 3551 Ambraciae
868 3501 989 3567 sparsa
1012 3502 1087 3563 sunt,
1112 3512 1185 3564 quae
1209 3503 1252 3549 est
1276 3498 1308 3549 in

150 3566 244 3688 Epiri
262 3567 430 3635 regionibns.
567 3571 637 3622 305.
654 3571 801 3632 Nataque
820 3572 859 3621 ut
878 3570 1040 3622 Aeacidae.
1087 3566 1198 3619 Primus
1223 3568 1307 3622 Laur.
1377 3633 1379 3636 Ι

151 3638 179 3689 Α
201 3635 317 3689 stemius
330 3638 434 3691 Annot.
449 3638 513 3691 Var.
529 3637 557 3691 iii
571 3639 769 3708 interpretatus
785 3648 827 3694 est
845 3639 881 3692 de
896 3636 1048 3692 Deidamia
1063 3636 1123 3690 siue
1138 3637 1307 3705 Laodamia,

152 3723 238 3776 quam
251 3705 275 3759 is
289 3723 323 3759 ex
337 3706 434 3760 lustin.
444 3708 535 3762 xxviii.
550 3719 623 3778 1et3
634 3709 721 3763 filiam
731 3708 883 3763 Alexandri
896 3708 971 3776 regis
986 3707 1176 3777 Epirotamm‚
1188 3719 1307 3777 neptem

153 3775 253 3844 Pyrrhi
269 3776 367 3844 Magni
387 3777 493 3846 habuit,
506 3779 632 3849 plerique
651 3781 753 3834 collato
772 3781 834 3834 loco
849 3779 949 3833 Iustini
962 3777 1052 3832 xxviii.
1068 3793 1083 3845 3
1096 3795 1159 3831 cnm
1172 3795 1211 3831 ex
1221 3786 1310 3849 gente

151 3849 232 3918 regia
250 3847 311 3901 sola
329 3848 430 3901 Nereis
449 3851 613 3919 uirgarum
632 3851 790 3904 Laodamia
808 3867 903 3903 sorore
924 3855 1084 3919 superesset,
1103 3849 1206 3902 Nereis
1224 3852 1311 3905 nubit

154 3920 256 3973 Geloni
267 3919 385 3972 Siciliae
399 3922 517 3988 tyranni
525 3922 600 3989 filio,
614 3921 772 3974 Laodamia
790 3927 883 3975 antem
898 3938 962 3975 cum
978 3922 1009 3974 in
1022 3937 1103 3973 aram
1116 3920 1232 3973 Dianae
1243 3938 1308 3974 con·

142 3991 272 4115 litii
283 3992 544 4116 ilt‘lhtlll
559 3990 989 4117 {tillitu'nhldhtl
1000 4007 1029 4115 A
1043 3990 1308 4116 illidito?

151 4132 241 4186 andro
252 4078 368 4201 iiitelligi
378 4078 569 4202 ypmquamgpx
579 4104 768 4189 Aeacidarum
778 4133 864 4203 stirpe
874 4079 936 4186 οξτο
947 4133 1030 4200 (Plut.
1042 4079 1138 4200 iynh.
1153 4133 1174 4186 Ι,
1187 4133 1273 4186 Paus.
1286 4136 1307 4189 Ι.

153 4218 193 4271 13.
209 4219 224 4271 3
238 4214 266 4258 et
279 4205 306 4272 9)
322 4213 415 4274 potest
428 4214 456 4258 et
475 4203 510 4257 de
525 4205 631 4273 Pyrrho
649 4205 776 4259 minore:
795 4204 896 4258 melius
912 4212 1008 4257 tamen
1022 4204 1058 4257 de
1072 4203 1179 4271 Pyrrho
1195 4204 1308 4271 Magno

185 4309 199 4341 *
217 4308 252 4355 sie
264 4308 287 4353 in
300 4309 370 4372 epigr.
383 4323 419 4367 ap.
432 4309 498 4356 Paus.
512 4309 531 4359 l.
546 4321 583 4370 13.
596 4321 610 4370 3
628 4308 755 4371 Αίχμηταί
770 4307 812 4357 καί
830 4308 872 4356 νῦν
890 4304 932 4354 καί
947 4305 1020 4370 πάρος
1035 4303 1145 4353 Αἰακίδαι
1161 4306 1190 4352 de
1206 4308 1308 4355 uictoria

152 4386 220 4448 quam
238 4373 337 4434 Pyrrhus
351 4376 379 4420 de
394 4374 466 4421 Gallis
481 4383 652 4451 reportauerat:
673 4377 749 4421 sedin
767 4377 819 4452 loco
835 4374 960 4452 Pausarripe
977 4374 993 4421 i.
1007 4386 1072 4437 13·9
1087 4387 1156 4432 quem
1168 4371 1308 4483 Saluapnius

151 4438 404 4551 ῗιῒέίηὲαξγιηηίρρεςῐηῒηιη
418 4441 535 4499 Aeacides,
545 4442 584 4488 sed
596 4439 609 4487 ὁ
621 4437 738 4487 Αἰακίδου
749 4441 838 4499 dicitur,
849 4450 890 4488 ersi
906 4439 991 4486 rbrdem
1004 4451 1063 4486 iuter
1074 4436 1128 4485 τοὺς
1139 4442 1237 4496 καλουμ
1252 4454 1309 4486 νους
