3038 4988
260 389 317 446 160
666 385 1012 449 COMMENTARIVS.

255 540 379 611 έμὴσοτο.
416 548 463 595 ΙΠ.
478 539 569 611 Ὠμοιι
587 542 675 612 φρονῶ
694 541 725 609 δὴ
744 540 871 611 δοίμονίἷ
887 539 912 607 μ’
927 541 1056 595 ἀπώλεσε.
1094 548 1165 594 APT.
1185 542 1265 609 Τιμῆς
1283 540 1405 611 ἐμέμφθη,

257 615 437 682 σωφρονοῦντι
451 609 472 665 δ’
485 613 588 682 ἤχθετο.
658 617 867 668 moribundus
886 612 922 667 de
940 629 975 666 eo
994 611 1096 666 dicitur
1113 611 1161 681 qui
1178 611 1305 680 grauiter
1317 615 1405 667 uulne-

256 693 333 738 ratus
351 693 471 737 mortem
484 693 544 738 toto
557 701 673 753 corpore
687 684 805 754 accepit.
843 683 900 738 Cic.
916 684 990 737 Sest.
1002 682 1092 736 xxxix.
1106 684 1139 750 85
1159 683 1309 736 tribunum
1322 685 1406 754 plebis

251 754 322 823 plus
333 756 444 825 uiginti
454 754 620 808 uulneribus
635 757 753 825 acceptis
770 757 903 808 tacentem
923 754 1175 822 moribundumque
1193 754 1317 816 uidistis.
1355 755 1407 808 Sed

256 824 303 878 hic
325 825 444 879 fortasse
466 835 591 894 praestat
612 826 688 895 quod
706 826 794 880 habet
813 827 838 878 T
857 826 1016 878 moriturus
1027 825 1055 878 h.
1066 842 1089 878 e.
1104 823 1148 877 cui
1168 823 1198 876 in
1218 824 1284 877 fatis
1304 835 1363 879 erat
1379 836 1406 879 ut

190 912 193 919 ·
256 906 418 950 moreretur.
491 900 561 951 578.
579 900 664 950 Exul
684 896 712 950 in
735 896 848 950 exilium
867 906 947 949 actus
970 905 1084 964 propter
1106 893 1285 963 suspiciones
1308 896 1406 949 Thesei

257 965 344 1034 Hipp.
368 966 532 1034 1048-1050,
556 980 630 1036 1125.
702 970 855 1034 attonitis,
875 965 1023 1032 exterritis,
1042 965 1165 1034 primum
1185 964 1282 1019 sonitu
1305 967 1406 1020 subter-

174 1092 177 1097 ,
256 1053 351 1104 rane0,
365 1036 468 1090 deinde
487 1037 593 1106 ingenti
610 1038 696 1092 fluctu
712 1055 747 1091 ex
760 1054 815 1106 quo
828 1047 924 1091 taurus
937 1035 1076 1105 prouenit,
1089 1046 1236 1104 postremo
1254 1036 1365 1105 mugitu
1381 1047 1406 1092 et
1449 1044 1451 1049 '

255 1106 417 1175 praesentia
435 1107 507 1160 tauri
522 1108 622 1177 (Hipp.
639 1106 817 1175 1201-1217).
888 1109 1059 1161 excutiaris
1073 1106 1156 1173 ‘may
1168 1123 1226 1174 you
1245 1106 1283 1160 be
1303 1108 1407 1161 dashed

256 1185 285 1230 to
304 1177 352 1230 the
370 1177 497 1246 ground.³
540 1180 611 1232 Aen.
630 1197 656 1232 x.
677 1191 728 1247 590
746 1181 914 1232 Excussus
933 1194 1021 1230 curru
1040 1176 1260 1230 moribundus
1281 1179 1410 1232 uoluitur

255 1249 344 1302 aruis.
416 1251 485 1302 579.
503 1251 638 1313 Propter
652 1266 727 1313 opes
744 1265 882 1313 mugnus.
912 1250 978 1301 Eur.
994 1249 1065 1301 Hec.
1083 1263 1114 1301 ιο
1131 1248 1224 1300 Heldo
1239 1247 1268 1300 δὲ
1288 1249 1338 1302 σὺν
1355 1250 1408 1317 ἐμοὶ

255 1317 875 1452 tttlti‘ttttltltlldt‘pitis’
891 1317 1408 1443 ¹1⁰¹ydilsslassil·.ndi‘limidi

256 1458 334 1513 Ξένον
350 1459 468 1528 πατρῷος
488 1462 528 1512 καὶ
547 1463 644 1514 κτανὼν
655 1432 682 1515 s’s
701 1402 766 1529 οἶδμ’
778 1461 842 1514 ἁλὸς
854 1411 996 1528 Mdiliyyiii'v’
1009 1459 1084 1513 αὐτὸς
1099 1460 1200 1528 χρυσὸν
1211 1460 1240 1512 έν
1252 1411 1407 1530 dduosdiiip.

255 1531 378 1598 hospes,
402 1531 598 1598 Polymnestor
623 1530 667 1585 cui
691 1531 819 1586 Priamus
846 1530 1017 1598 Polydorum
1038 1529 1219 1583 educandum
1245 1531 1405 1586 tradiderat

255 1603 326 1654 580.
345 1603 481 1665 exiguas.
524 1601 601 1655 Hinc
620 1602 770 1670 suspiceris
786 1600 875 1655 Ibidis
893 1603 1019 1654 fortunas
1038 1617 1095 1653 non
1114 1599 1155 1654 ita
1172 1617 1295 1670 magnas
1315 1602 1406 1657 fuisse.

256 1674 324 1724 581.
343 1687 482 1725 sexeum
494 1675 761 1727 Damasichthone
772 1675 889 1740 fratris,
903 1671 974 1724 filios
989 1670 1106 1725 Niobes.
1144 1672 1236 1725 Erant
1252 1673 1406 1726 secundum

254 1741 384 1810 Apollod.
400 1742 437 1796 iii.
454 1755 477 1811 5.
493 1755 506 1811 5
525 1743 638 1811 Sipylus
658 1743 784 1811 Minytus
804 1742 975 1812 (Eupinytus
995 1743 1068 1810 Hyg.
1087 1741 1128 1810 11)
1144 1743 1277 1796 Ismenus
1295 1745 1406 1811 Agenor

256 1810 414 1879 (Archenor
433 1813 520 1882 Hyg.)
542 1813 713 1867 Phaedimus
733 1814 879 1868 Tantalus.
921 1814 984 1866 Hos
1006 1821 1116 1880 septem
1134 1813 1239 1881 Apollo
1251 1813 1405 1881 interfecit,

255 1899 366 1937 sorores
379 1893 407 1937 et
420 1883 497 1952 ipsas
511 1894 620 1953 septem
634 1884 738 1951 Diana,
752 1884 818 1955 quia
832 1883 926 1938 Niobe
939 1881 1111 1937 fecunditate
1124 1899 1155 1937 se
1167 1899 1266 1951 parem
1282 1886 1405 1939 Latonae

255 1953 372 2009 dixerat.
411 1956 554 2008 Homerus
575 1956 608 2008 ll.
627 1955 698 2008 xxiv.
712 1956 764 2009 602
788 1954 833 2008 bis
858 1972 907 2008 sex
932 1953 1035 2007 liberos
1057 1952 1169 2007 Niobae
1192 1953 1301 2022 tribuit,
1326 1955 1404 2009 Mim-

234 2041 369 2093 ‚nermus
388 2034 416 2079 et
437 2025 575 2079 Pindarus
594 2025 638 2079 bis
656 2026 765 2092 decem,
784 2025 831 2078 alii
849 2025 930 2079 aliter
951 2023 1092 2093 (Apollod.
1113 2025 1129 2077 l.
1144 2040 1168 2079 c.
1181 2025 1246 2077 Ael.
1259 2026 1296 2080 V.
1311 2028 1348 2079 H.
1362 2026 1404 2080 xii.

256 2094 311 2162 36).
425 2099 494 2149 583.
515 2099 656 2163 Addidit,
676 2106 781 2150 mortes
804 2096 955 2149 liberorum
975 2093 1128 2148 cumulauit
1150 2111 1210 2161 sua,
1231 2094 1405 2166 ‘completed

255 2166 303 2219 the
321 2166 378 2219 tale
397 2166 430 2219 of
443 2167 488 2220 his
507 2166 656 2220 children's
675 2167 776 2221 deaths
794 2166 833 2233 by
848 2166 892 2220 his
911 2167 990 2219 own?
1028 2167 1060 2219 F.
1073 2164 1110 2218 vi.
1123 2166 1174 2234 798
1191 2168 1297 2236 coeptis
1315 2169 1406 2221 addite

253 2252 366 2288 summa
390 2238 464 2290 meis.
543 2240 659 2292 fidicen
683 2236 837 2306 Amphion,
861 2236 978 2291 maritus
1005 2235 1122 2289 Niobes.
1203 2252 1263 2290 sua
1286 2240 1405 2292 itinera.

256 2307 325 2359 Met.
346 2305 382 2360 vi.
405 2319 453 2372 271
478 2308 556 2360 Nam
575 2312 664 2378 pater
681 2307 836 2378 Amphion,
848 2308 937 2432 ζιννο
956 2311 1010 2376 per
1026 2311 1125 2377 pectus
1145 2307 1253 2375 adacto,
1275 2309 1406 2362 Finierat

255 2378 378 2429 moriens
390 2380 506 2446 pariter
520 2395 583 2431 cum
602 2380 662 2432 luce
679 2380 809 2433 dolorem.
870 2378 906 2432 ed
926 2377 1057 2446 Hyginus
1076 2392 1093 2446 9
1112 2376 1195 2431 docet
1214 2379 1405 2447 Amphionem

255 2463 320 2499 cum
333 2448 470 2517 templum
483 2448 622 2518 Apollinis
635 2466 795 2519 expugnare
808 2449 893 2503 uellet
906 2448 942 2502 ab
955 2447 1086 2517 Apolline
1100 2447 1210 2517 sagittis
1228 2448 1404 2504 interfectum

254 2534 325 2571 esse.
427 2521 498 2573 584.
517 2523 603 2573 iusta
620 2519 846 2586 ‘well-merited,'
864 2519 957 2588 qualia
976 2528 1004 2573 te
1022 2518 1116 2572 subire
1134 2535 1186 2587 par
1203 2529 1256 2586 est,
1276 2520 1325 2589 qui
1345 2520 1404 2575 talis

210 2624 212 2639 ι
256 2587 305 2641 sis.
337 2589 417 2643 Pont.
432 2589 466 2643 iv.
485 2602 523 2658 15.
540 2605 583 2658 29,
599 2605 634 2658 30
645 2592 688 2644 Et
701 2591 791 2660 pudet
802 2595 830 2643 et
841 2596 933 2644 metuo
944 2594 1104 2660 semperque
1121 2590 1270 2659 eademque
1283 2593 1404 2661 precari,

254 2659 300 2712 Ne
317 2659 434 2713 subeant
450 2663 546 2713 onemo
564 2660 675 2715 taedia
693 2660 783 2716 iusta
801 2667 858 2716 tuo.
960 2664 1030 2714 585.
1050 2676 1138 2714 soror
1155 2663 1284 2724 Pelopis
1304 2662 1404 2728 Niobe,

191 2788 195 2790 q
255 2729 367 2783 Tantali
381 2729 446 2784 filia.
518 2748 601 2786 saxo.
641 2733 715 2800 Hyg.
736 2747 753 2800 9
771 2733 816 2786 At
831 2733 964 2802 geuitn'u
981 2731 1077 2784 liberis
1096 2731 1163 2784 orba
1174 2731 1274 2799 flendo
1294 2733 1404 2803 lapidea

246 2800 331 2871 facto
352 2817 407 2853 esse
426 2801 534 2855 dicitur
551 2803 583 2854 in
605 2808 696 2855 monte
714 2804 822 2873 Sipylo,
843 2805 956 2871 esusque
975 2802 1055 2856 leodie
1074 2803 1208 2855 lacrimae
1227 2819 1348 2856 manare
1365 2805 1404 2857 di·

254 2876 368 2924 cuntur.
394 2872 426 2926 ll.
435 2872 507 2927 xxiv.
515 2872 567 2938 614
577 2877 633 2926 Νῦν
642 2872 672 2926 δέ
683 2895 733 2926 που
743 2875 770 2926 ἐν
781 2874 913 2960 πέτρῃσινξ
922 2873 950 2925 ἐν
959 2875 1063 2941 οὔρεσιν
1072 2870 1294 2941 οἷοπόλοισιν,Ἐν
1304 2873 1403 2945 Σιπύλῳ

254 2941 295 2995 ὅθι
312 2943 381 3010 φασὶ
395 2941 476 2995 θεάων
488 2944 591 3013 ἔμμεναι
608 2943 680 2997 εὐνὰς
693 2945 835 3013 Νυμφάων,
849 2941 877 2996 οἵ
890 2966 906 2997 τ
926 2943 991 3012 ἀμφ’
1003 2944 1143 3012 Ἀχελώιον
1155 2941 1404 3011 έῤῥώσοντο,”Ενθο

255 3011 314 3066 θεός
331 3034 379 3082 περ
397 3014 478 3067 ἐοῦσα
497 3014 562 3068 θεῶν
574 3014 602 3066 έκ
621 3013 697 3082 κήδεα
714 3014 818 3068 πέσσει.
889 3018 1007 3069 oborto.
1042 3014 1082 3068 M.
1095 3032 1122 3067 v.
1136 3028 1186 3066 202
1202 3013 1403 3084 Gorgonecon-

254 3087 347 3153 specta
365 3101 434 3136 saxo
452 3087 592 3138 concreuit
609 3085 710 3152 oborto,
723 3103 747 3138 x.
762 3085 796 3151 67
808 3103 877 3138 saxo
890 3089 1063 3155 percorpus
1081 3083 1241 3152 oborto‘by
1259 3102 1277 3138 a
1296 3085 1403 3138 sudden

254 3155 363 3222 growtb
382 3155 415 3208 of
429 3157 527 3209 stone.³
606 3158 677 3209 586.
696 3159 813 3221 lingua.
851 3157 929 3209 Lact.
944 3158 1055 3209 Narrat.
1070 3154 1098 3208 ii.
1114 3170 1142 3208 11
1157 3154 1265 3224 Apollo
1282 3156 1363 3209 Iouis
1379 3160 1405 3208 et

253 3225 381 3278 Latonae
392 3227 479 3296 filius
496 3243 559 3280 cum
576 3229 662 3296 pecus
678 3227 798 3281 Admeti
813 3226 941 3280 Pheretis
954 3227 1019 3295 filii
1033 3229 1168 3296 pasceret,
1181 3226 1302 3294 fistulae
1320 3232 1403 3280 cautu

253 3296 433 3349 solitudinem
442 3301 599 3368 protegens,
610 3297 690 3350 boues
700 3299 761 3350 eius
773 3300 804 3350 in
817 3314 901 3367 agros
909 3298 1009 3366 Pyliae
1020 3298 1144 3366 regionis
1153 3299 1320 3366 progressae
1331 3302 1403 3364 suut,

253 3383 325 3434 quas
337 3367 502 3421 Mircurius
513 3369 620 3421 auertit
630 3373 658 3420 et
668 3369 699 3421 in
711 3369 788 3421 silua
800 3369 931 3421 occubuit.
956 3367 1034 3436 quod
1042 3383 1104 3419 cum
1116 3367 1221 3420 Battus
1233 3368 1321 3420 Nelei
1321 3369 1414 3438 filius⁴

252 3453 339 3505 equas
348 3440 467 3506 pascens
483 3439 606 3506 uidisset,
619 3439 783 3492 Mercurius
794 3456 861 3492 uero
873 3444 908 3492 ut
917 3438 1054 3491 indicium
1062 3441 1210 3507 premeret,
1222 3455 1260 3490 ex
1269 3439 1404 3493 armentis

245 3507 485 3575 formosissimam
498 3526 611 3562 uaccam
623 3511 651 3562 ei
661 3511 796 3563 concessit.
834 3515 866 3562 at
881 3509 929 3563 ille
946 3508 1099 3563 discedenti
1112 3509 1271 3577 affirmauit
1282 3509 1403 3578 lapidem

248 3579 416 3646 proximum
429 3595 510 3646 quem
523 3580 640 3633 uidisset
653 3579 770 3633 celerius
785 3597 870 3649 quom
887 3597 915 3632 se
930 3582 1080 3648 quicquam
1097 3579 1301 3632 indicaturum.
1338 3579 1403 3632 deus

254 3663 322 3698 uero
334 3653 367 3700 ut
379 3648 601 3717 mortalisfidem
613 3651 796 3719 experiretur,
805 3651 908 3720 paullo
915 3654 982 3720 post
994 3655 1105 3703 mutata
1117 3651 1218 3720 figura
1234 3650 1276 3703 ad
1288 3651 1403 3703 eundem

253 3733 384 3769 reuersus
401 3722 449 3784 est,
468 3719 670 3788 sr'mulauitque
687 3738 715 3773 se
732 3723 851 3774 amissos
868 3722 948 3774 boues
965 3737 1104 3789 quaerere,
1118 3726 1146 3773 et
1158 3722 1324 3789 praemium
1340 3724 1402 3789 pro-

254 3788 333 3839 misit
343 3789 372 3840 si
381 3787 602 3843 demonstrasset.
632 3795 664 3843 ot
675 3791 724 3845 ille
736 3808 798 3844 cum
810 3791 861 3844 sub
872 3809 927 3860 quo
939 3797 1031 3844 monte
1038 3795 1225 3861 pascerentur
1234 3791 1402 3856 ostendisset,

254 3858 418 3911 Mercurius
434 3859 557 3929 perfidia
578 3861 638 3913 eius
659 3863 778 3930 offensus
799 3861 830 3915 in
856 3861 1002 3930 lapidem
1027 3878 1100 3916 eum
1124 3860 1275 3927 mutauit,
1296 3863 1349 3930 qui
1370 3859 1402 3913 ab

253 3935 356 3983 euentu
375 3928 473 3983 index
491 3931 565 3983 circa
583 3932 687 4012 Pylum
706 3938 833 3986 uocatur.
871 3931 1029 3986 Historiam
1048 3941 1162 3985 narrant
1180 3930 1300 3985 Ouidius
1322 3933 1363 3986 M.
1375 3930 1402 3984 ii.

254 3999 385 4069 683-707,
402 4003 468 4055 Ant.
488 3999 624 4055 Liberalis
641 4002 714 4070 xxiii,
729 4002 775 4072 qui
794 4003 866 4057 inter
882 4013 1012 4057 auctores
1028 4002 1156 4055 nominat
1176 4001 1354 4056 Nicandrum
1374 4001 1402 4055 in

256 4071 500 4140 Heteroeumenis,
517 4072 677 4127 Hesiodum
696 4073 724 4126 in
742 4073 837 4142 Eoeis,
850 4073 1031 4143 Apollonium
1048 4072 1192 4126 Rhodium
1210 4072 1238 4125 in
1252 4072 1401 4142 Epigram-

253 4140 385 4197 matibus.
429 4146 551 4198 Battus.
579 4145 669 4198 Erant
682 4144 823 4214 quaedam
836 4146 934 4198 Βάττου
947 4143 1051 4197 σκοπιαὶ
1064 4143 1141 4197 iuxta
1152 4144 1318 4197 Maenalum
1331 4159 1402 4213 quae

254 4226 370 4265 causam
388 4213 526 4268 dederunt
545 4214 665 4282 fabulae,
684 4223 721 4283 et,
740 4214 763 4268 si
783 4215 854 4268 fides
874 4214 979 4268 Ouidio
999 4216 1040 4267 M.
1054 4213 1080 4267 ii.
1095 4213 1155 4282 706,
1173 4230 1279 4267 nomen
1295 4215 1402 4268 India's

253 4281 420 4337 retinebant.
506 4288 573 4340 587.
594 4288 687 4340 Adra.
726 4287 793 4338 Non
806 4285 843 4338 ad
856 4295 963 4339 certum
976 4302 1010 4338 ac
1024 4284 1134 4339 finitum
1146 4283 1298 4338 terminum
1311 4284 1401 4338 mitte·

252 4351 322 4405 bant
344 4352 446 4422 discos,
465 4355 516 4408 sed
539 4355 714 4410 conabantur
739 4365 875 4425 quantum
900 4355 1064 4425 longissime
1088 4372 1140 4425 per
1163 4372 1285 4409 uacuum
1308 4361 1400 4409 aerem

251 4422 462 4491 prospiciebant
474 4425 596 4480 iaculari.
635 4425 682 4480 Sic
696 4427 836 4495 Phlegyas
849 4426 895 4481 ille
908 4444 952 4496 ap.
967 4428 1037 4480 Stat.
1048 4428 1081 4480 T.
1090 4425 1126 4481 vi.
1137 4425 1189 4492 678
1202 4443 1259 4479 non
1266 4428 1402 4496 protinus

251 4491 370 4548 horrida
387 4497 482 4566 campi
497 4497 611 4566 Iugera,
629 4498 679 4551 sed
695 4498 795 4553 caelo.
807 4498 955 4552 dextram
972 4497 1114 4567 metitur,
1132 4496 1267 4567 humique
1285 4498 1402 4555 Pressas
