<?xml version="1.0" encoding="UTF-8"?>
<!DOCTYPE html PUBLIC "-//W3C//DTD XHTML 1.0 Transitional//EN"
    "http://www.w3.org/TR/xhtml1/DTD/xhtml1-transitional.dtd">
<html xmlns="http://www.w3.org/1999/xhtml" xml:lang="en" lang="en">
 <head>
  <title>
</title>
<meta http-equiv="Content-Type" content="text/html;charset=utf-8" />
  <meta name='ocr-system' content='tesseract 3.04.00' />
  <meta name='ocr-capabilities' content='ocr_page ocr_carea ocr_par ocr_line ocrx_word'/>
</head>
<body>
  <div class='ocr_page' id='page_1' title='image "./povidiinasonisi00ovidgoog_0150.png"; bbox 0 0 3126 4980; ppageno 0'>
   <div class='ocr_carea' id='block_1_1' title="bbox 628 377 1282 443">
    <p class='ocr_par' dir='ltr' id='par_1_1' title="bbox 628 377 1282 443">
     <span class='ocr_line' id='line_1_1' title="bbox 628 377 1282 443; baseline 0.006 -4"><span class='ocrx_word' id='word_1_1' title='bbox 628 379 674 439; x_wconf 91' lang='lat' dir='ltr'><strong>IN</strong></span> <span class='ocrx_word' id='word_1_2' title='bbox 696 377 793 441; x_wconf 90' lang='lat' dir='ltr'><strong>IBIN.</strong></span> <span class='ocrx_word' id='word_1_3' title='bbox 1247 384 1282 443; x_wconf 77' lang='lat'><strong>8²1</strong></span> 
     </span>
    </p>
   </div>
   <div class='ocr_carea' id='block_1_2' title="bbox 130 538 1287 1272">
    <p class='ocr_par' dir='ltr' id='par_1_2' title="bbox 130 538 1287 1272">
     <span class='ocr_line' id='line_1_2' title="bbox 132 538 1287 618; baseline 0.003 -19"><span class='ocrx_word' id='word_1_4' title='bbox 132 540 262 618; x_wconf 86' lang='lat' dir='ltr'><strong>Apollini</strong></span> <span class='ocrx_word' id='word_1_5' title='bbox 275 550 429 614; x_wconf 89' lang='lat' dir='ltr'><strong>uouerunt,</strong></span> <span class='ocrx_word' id='word_1_6' title='bbox 441 538 625 601; x_wconf 82' lang='lat' dir='ltr'><strong>Theodotum</strong></span> <span class='ocrx_word' id='word_1_7' title='bbox 637 561 690 602; x_wconf 93' lang='lat' dir='ltr'><strong>no·</strong></span> <span class='ocrx_word' id='word_1_8' title='bbox 723 542 910 618; x_wconf 83' lang='lat' dir='ltr'><strong>Liparaeum</strong></span> <span class='ocrx_word' id='word_1_9' title='bbox 949 540 1062 602; x_wconf 88' lang='lat' dir='ltr'><strong>dictum</strong></span> <span class='ocrx_word' id='word_1_10' title='bbox 1095 539 1287 602; x_wconf 85' lang='lat' dir='ltr'>Theocritum</span> 
     </span>
     <span class='ocr_line' id='line_1_3' title="bbox 132 624 1287 684; baseline 0.001 -2"><span class='ocrx_word' id='word_1_11' title='bbox 132 626 219 684; x_wconf 88' lang='lat' dir='ltr'><strong>mine.</strong></span> <span class='ocrx_word' id='word_1_12' title='bbox 237 647 240 650; x_wconf 88' lang='lat'><strong>·</strong></span> <span class='ocrx_word' id='word_1_13' title='bbox 261 625 300 684; x_wconf 91' lang='lat' dir='ltr'><strong>P.</strong></span> <span class='ocrx_word' id='word_1_14' title='bbox 730 625 817 683; x_wconf 88' lang='lat' dir='ltr'><strong>morti</strong></span> <span class='ocrx_word' id='word_1_15' title='bbox 834 627 878 684; x_wconf 94' lang='lat' dir='ltr'><strong>ob</strong></span> <span class='ocrx_word' id='word_1_16' title='bbox 895 624 1039 682; x_wconf 89' lang='lat' dir='ltr'><strong>honorem</strong></span> <span class='ocrx_word' id='word_1_17' title='bbox 1060 624 1172 682; x_wconf 86' lang='lat' dir='ltr'><strong>Phoebi</strong></span> <span class='ocrx_word' id='word_1_18' title='bbox 1194 624 1287 684; x_wconf 91' lang='lat' dir='ltr'><strong>deuo-</strong></span> 
     </span>
     <span class='ocr_line' id='line_1_4' title="bbox 293 704 1285 766; baseline 0.002 -4"><span class='ocrx_word' id='word_1_19' title='bbox 293 718 297 724; x_wconf 88' lang='lat'><strong>·</strong></span> <span class='ocrx_word' id='word_1_20' title='bbox 730 717 842 765; x_wconf 88' lang='lat' dir='ltr'><strong>uerunt.</strong></span> <span class='ocrx_word' id='word_1_21' title='bbox 870 704 961 764; x_wconf 83' lang='lat' dir='ltr'><strong>Mure</strong></span> <span class='ocrx_word' id='word_1_22' title='bbox 973 725 996 765; x_wconf 80' lang='lat' dir='ltr'><strong>r.</strong></span> <span class='ocrx_word' id='word_1_23' title='bbox 1006 725 1034 765; x_wconf 87' lang='lat' dir='ltr'><strong>u.</strong></span> <span class='ocrx_word' id='word_1_24' title='bbox 1049 705 1223 766; x_wconf 84' lang='lat' dir='ltr'><strong>Theocritus</strong></span> <span class='ocrx_word' id='word_1_25' title='bbox 1237 705 1285 765; x_wconf 91' lang='lat' dir='ltr'><strong>uel</strong></span> 
     </span>
     <span class='ocr_line' id='line_1_5' title="bbox 731 787 911 847; baseline 0.011 -2"><span class='ocrx_word' id='word_1_26' title='bbox 731 787 911 847; x_wconf 89' lang='lat' dir='ltr'><strong>Theodatus.</strong></span> 
     </span>
     <span class='ocr_line' id='line_1_6' title="bbox 172 865 1285 946; baseline 0 -20"><span class='ocrx_word' id='word_1_27' title='bbox 172 867 369 930; x_wconf 90' lang='lat' dir='ltr'><strong>*Theodotus</strong></span> <span class='ocrx_word' id='word_1_28' title='bbox 391 878 478 944; x_wconf 88' lang='lat' dir='ltr'><strong>poeta</strong></span> <span class='ocrx_word' id='word_1_29' title='bbox 498 868 560 939; x_wconf 91' lang='lat' dir='ltr'><strong>fuit,</strong></span> <span class='ocrx_word' id='word_1_30' title='bbox 581 868 640 946; x_wconf 91' lang='lat' dir='ltr'><strong>qui,</strong></span> <span class='ocrx_word' id='word_1_31' title='bbox 662 885 731 928; x_wconf 92' lang='lat' dir='ltr'><strong>cum</strong></span> <span class='ocrx_word' id='word_1_32' title='bbox 758 869 876 930; x_wconf 89' lang='lat' dir='ltr'><strong>liberius</strong></span> <span class='ocrx_word' id='word_1_33' title='bbox 896 870 928 929; x_wconf 92' lang='lat' dir='ltr'><strong>in</strong></span> <span class='ocrx_word' id='word_1_34' title='bbox 950 865 1162 929; x_wconf 89' lang='lat' dir='ltr'><strong>Mnesarchum</strong></span> <span class='ocrx_word' id='word_1_35' title='bbox 1184 885 1285 945; x_wconf 84' lang='lat' dir='ltr'><strong>regem</strong></span> 
     </span>
     <span class='ocr_line' id='line_1_7' title="bbox 130 948 1285 1091; baseline 0.001 -82"><span class='ocrx_word' id='word_1_36' title='bbox 130 951 302 1091; x_wconf 49' lang='lat' dir='ltr'><strong>sycripsiss&#39;et</strong></span> <span class='ocrx_word' id='word_1_37' title='bbox 330 951 368 1010; x_wconf 90' lang='lat' dir='ltr'><strong>ab</strong></span> <span class='ocrx_word' id='word_1_38' title='bbox 397 968 434 1009; x_wconf 91' lang='lat' dir='ltr'><strong>eo</strong></span> <span class='ocrx_word' id='word_1_39' title='bbox 463 949 618 1010; x_wconf 87' lang='lat' dir='ltr'><strong>crudeliter</strong></span> <span class='ocrx_word' id='word_1_40' title='bbox 643 951 677 1009; x_wconf 87' lang='lat' dir='ltr'><strong>in</strong></span> <span class='ocrx_word' id='word_1_41' title='bbox 697 951 843 1028; x_wconf 89' lang='lat' dir='ltr'><strong>Apollinis</strong></span> <span class='ocrx_word' id='word_1_42' title='bbox 872 948 946 1011; x_wconf 91' lang='lat' dir='ltr'><strong>aede</strong></span> <span class='ocrx_word' id='word_1_43' title='bbox 973 967 1077 1010; x_wconf 89' lang='lat' dir='ltr'><strong>caesus</strong></span> <span class='ocrx_word' id='word_1_44' title='bbox 1104 959 1157 1010; x_wconf 76' lang='lat' dir='ltr'><strong>est.</strong></span> <span class='ocrx_word' id='word_1_45' title='bbox 1216 948 1285 1010; x_wconf 76' lang='lat' dir='ltr'><strong>Coti.</strong></span> 
     </span>
     <span class='ocr_line' id='line_1_8' title="bbox 156 1033 293 1091; baseline 0 0"><span class='ocrx_word' id='word_1_46' title='bbox 156 1033 223 1091; x_wconf 85' lang='lat' dir='ltr'><strong>aluo</strong></span> <span class='ocrx_word' id='word_1_47' title='bbox 243 1034 293 1091; x_wconf 83' lang='lat' dir='ltr'><strong>nii.</strong></span> 
     </span>
     <span class='ocr_line' id='line_1_9' title="bbox 171 1053 1285 1191; baseline 0.001 -20"><span class='ocrx_word' id='word_1_48' title='bbox 171 1053 320 1191; x_wconf 51' lang='lat' dir='ltr'><strong>Intglligas</strong></span> <span class='ocrx_word' id='word_1_49' title='bbox 344 1112 381 1172; x_wconf 92' lang='lat' dir='ltr'><strong>de</strong></span> <span class='ocrx_word' id='word_1_50' title='bbox 405 1111 564 1173; x_wconf 87' lang='lat' dir='ltr'><strong>Theudoto</strong></span> <span class='ocrx_word' id='word_1_51' title='bbox 588 1131 657 1190; x_wconf 83' lang='lat' dir='ltr'><strong>rege</strong></span> <span class='ocrx_word' id='word_1_52' title='bbox 681 1112 899 1179; x_wconf 80' lang='lat' dir='ltr'><strong>Bactrianorum</strong></span> <span class='ocrx_word' id='word_1_53' title='bbox 922 1113 972 1191; x_wconf 90' lang='lat' dir='ltr'><strong>qui</strong></span> <span class='ocrx_word' id='word_1_54' title='bbox 993 1111 1115 1173; x_wconf 88' lang='lat' dir='ltr'><strong>Phoebo</strong></span> <span class='ocrx_word' id='word_1_55' title='bbox 1140 1121 1285 1172; x_wconf 88' lang='lat' dir='ltr'><strong>mactatus</strong></span> 
     </span>
     <span class='ocr_line' id='line_1_10' title="bbox 130 1192 1285 1272; baseline 0 -20"><span class='ocrx_word' id='word_1_56' title='bbox 130 1192 183 1253; x_wconf 85' lang='lat' dir='ltr'><strong>fuit</strong></span> <span class='ocrx_word' id='word_1_57' title='bbox 211 1197 249 1254; x_wconf 90' lang='lat' dir='ltr'><strong>ab</strong></span> <span class='ocrx_word' id='word_1_58' title='bbox 276 1196 382 1254; x_wconf 88' lang='lat' dir='ltr'><strong>Arsace</strong></span> <span class='ocrx_word' id='word_1_59' title='bbox 409 1212 478 1270; x_wconf 87' lang='lat' dir='ltr'><strong>rege</strong></span> <span class='ocrx_word' id='word_1_60' title='bbox 507 1194 688 1255; x_wconf 82' lang='lat' dir='ltr'><strong>Parthorum.</strong></span> <span class='ocrx_word' id='word_1_61' title='bbox 739 1195 798 1255; x_wconf 87' lang='lat' dir='ltr'><strong>Vol.</strong></span> <span class='ocrx_word' id='word_1_62' title='bbox 820 1195 893 1272; x_wconf 81' lang='lat' dir='ltr'><strong>Reg.</strong></span> <span class='ocrx_word' id='word_1_63' title='bbox 919 1197 1008 1267; x_wconf 75' lang='lat'><strong>2061,</strong></span> <span class='ocrx_word' id='word_1_64' title='bbox 1031 1196 1191 1271; x_wconf 68' lang='lat' dir='ltr'><strong>ramaliaque</strong></span> <span class='ocrx_word' id='word_1_65' title='bbox 1214 1195 1285 1254; x_wconf 87' lang='lat' dir='ltr'><strong>Pol.</strong></span> 
     </span>
    </p>
   </div>
   <div class='ocr_carea' id='block_1_3' title="bbox 130 1289 220 1354">
    <p class='ocr_par' dir='ltr' id='par_1_3' title="bbox 130 1289 220 1354">
     <span class='ocr_line' id='line_1_11' title="bbox 130 1289 220 1354; baseline -0.011 0"><span class='ocrx_word' id='word_1_66' title='bbox 130 1289 220 1354; x_wconf 70' lang='lat'>‚1709-</span> 
     </span>
    </p>
   </div>
   <div class='ocr_carea' id='block_1_4' title="bbox 171 1354 1372 1434">
    <p class='ocr_par' dir='ltr' id='par_1_4' title="bbox 171 1354 1372 1434">
     <span class='ocr_line' id='line_1_12' title="bbox 171 1354 1372 1434; baseline -0.002 -17"><span class='ocrx_word' id='word_1_67' title='bbox 171 1361 240 1434; x_wconf 82' lang='lat'><strong>467.</strong></span> <span class='ocrx_word' id='word_1_68' title='bbox 262 1357 329 1423; x_wconf 90' lang='lat' dir='ltr'><strong>Aut</strong></span> <span class='ocrx_word' id='word_1_69' title='bbox 347 1368 379 1417; x_wconf 90' lang='lat' dir='ltr'><strong>te</strong></span> <span class='ocrx_word' id='word_1_70' title='bbox 394 1357 572 1417; x_wconf 90' lang='lat' dir='ltr'><strong>deuoueat.</strong></span> <span class='ocrx_word' id='word_1_71' title='bbox 616 1357 686 1418; x_wconf 90' lang='lat' dir='ltr'><strong>Mos</strong></span> <span class='ocrx_word' id='word_1_72' title='bbox 769 1357 949 1418; x_wconf 89' lang='lat' dir='ltr'><strong>Callimacus</strong></span> <span class='ocrx_word' id='word_1_73' title='bbox 970 1357 1041 1417; x_wconf 88' lang='lat' dir='ltr'><strong>dicit</strong></span> <span class='ocrx_word' id='word_1_74' title='bbox 1065 1356 1146 1434; x_wconf 93' lang='lat' dir='ltr'><strong>quod</strong></span> <span class='ocrx_word' id='word_1_75' title='bbox 1167 1354 1287 1416; x_wconf 89' lang='lat' dir='ltr'><strong>Abdera</strong></span> <span class='ocrx_word' id='word_1_76' title='bbox 1364 1384 1372 1400; x_wconf 79' lang='lat'><strong>·</strong></span> 
     </span>
    </p>
   </div>
   <div class='ocr_carea' id='block_1_5' title="bbox 83 1438 1287 3068">
    <p class='ocr_par' dir='ltr' id='par_1_5' title="bbox 128 1438 1284 1516">
     <span class='ocr_line' id='line_1_13' title="bbox 128 1438 1284 1516; baseline -0.001 -18"><span class='ocrx_word' id='word_1_77' title='bbox 128 1450 190 1499; x_wconf 82' lang='lat' dir='ltr'><strong>erat</strong></span> <span class='ocrx_word' id='word_1_78' title='bbox 217 1441 248 1498; x_wconf 93' lang='lat' dir='ltr'><strong>in</strong></span> <span class='ocrx_word' id='word_1_79' title='bbox 275 1440 395 1499; x_wconf 88' lang='lat' dir='ltr'><strong>Abdera</strong></span> <span class='ocrx_word' id='word_1_80' title='bbox 422 1439 536 1498; x_wconf 87' lang='lat' dir='ltr'><strong>ciuitate</strong></span> <span class='ocrx_word' id='word_1_81' title='bbox 564 1440 685 1516; x_wconf 87' lang='lat' dir='ltr'><strong>singulis</strong></span> <span class='ocrx_word' id='word_1_82' title='bbox 725 1450 770 1499; x_wconf 88' lang='lat' dir='ltr'><strong>est</strong></span> <span class='ocrx_word' id='word_1_83' title='bbox 798 1441 899 1500; x_wconf 89' lang='lat' dir='ltr'><strong>ciuitas</strong></span> <span class='ocrx_word' id='word_1_84' title='bbox 922 1441 953 1499; x_wconf 93' lang='lat' dir='ltr'><strong>in</strong></span> <span class='ocrx_word' id='word_1_85' title='bbox 975 1457 1035 1516; x_wconf 87' lang='lat' dir='ltr'><strong>qua</strong></span> <span class='ocrx_word' id='word_1_86' title='bbox 1056 1438 1120 1498; x_wconf 90' lang='lat' dir='ltr'><strong>talis</strong></span> <span class='ocrx_word' id='word_1_87' title='bbox 1143 1449 1187 1498; x_wconf 90' lang='lat' dir='ltr'><strong>est</strong></span> <span class='ocrx_word' id='word_1_88' title='bbox 1208 1455 1284 1510; x_wconf 88' lang='lat' dir='ltr'><strong>mos,</strong></span> 
     </span>
    </p>

    <p class='ocr_par' dir='ltr' id='par_1_6' title="bbox 129 1520 1285 1601">
     <span class='ocr_line' id='line_1_14' title="bbox 129 1520 1285 1601; baseline -0.002 -21"><span class='ocrx_word' id='word_1_89' title='bbox 129 1521 214 1580; x_wconf 90' lang='lat' dir='ltr'><strong>annis</strong></span> <span class='ocrx_word' id='word_1_90' title='bbox 227 1520 379 1580; x_wconf 88' lang='lat' dir='ltr'><strong>hominem</strong></span> <span class='ocrx_word' id='word_1_91' title='bbox 393 1521 526 1580; x_wconf 88' lang='lat' dir='ltr'><strong>inmolari</strong></span> <span class='ocrx_word' id='word_1_92' title='bbox 545 1539 600 1598; x_wconf 91' lang='lat' dir='ltr'><strong>pro</strong></span> <span class='ocrx_word' id='word_1_93' title='bbox 617 1540 686 1597; x_wconf 90' lang='lat' dir='ltr'><strong>pec·</strong></span> <span class='ocrx_word' id='word_1_94' title='bbox 727 1522 808 1601; x_wconf 92' lang='lat' dir='ltr'><strong>quod</strong></span> <span class='ocrx_word' id='word_1_95' title='bbox 834 1540 895 1583; x_wconf 91' lang='lat' dir='ltr'><strong>uno</strong></span> <span class='ocrx_word' id='word_1_96' title='bbox 923 1539 1041 1597; x_wconf 91' lang='lat' dir='ltr'><strong>quoque</strong></span> <span class='ocrx_word' id='word_1_97' title='bbox 1077 1538 1157 1579; x_wconf 91' lang='lat' dir='ltr'><strong>anno</strong></span> <span class='ocrx_word' id='word_1_98' title='bbox 1194 1529 1285 1580; x_wconf 90' lang='lat' dir='ltr'><strong>totam</strong></span> 
     </span>
    </p>

    <p class='ocr_par' dir='ltr' id='par_1_7' title="bbox 130 1601 1287 1680">
     <span class='ocr_line' id='line_1_15' title="bbox 130 1601 1287 1680; baseline -0.001 -19"><span class='ocrx_word' id='word_1_99' title='bbox 130 1603 203 1661; x_wconf 91' lang='lat' dir='ltr'><strong>catis</strong></span> <span class='ocrx_word' id='word_1_100' title='bbox 231 1603 347 1674; x_wconf 89' lang='lat' dir='ltr'><strong>ciuium,</strong></span> <span class='ocrx_word' id='word_1_101' title='bbox 373 1602 426 1662; x_wconf 91' lang='lat' dir='ltr'><strong>sed</strong></span> <span class='ocrx_word' id='word_1_102' title='bbox 450 1602 530 1679; x_wconf 89' lang='lat' dir='ltr'><strong>prius</strong></span> <span class='ocrx_word' id='word_1_103' title='bbox 558 1603 595 1661; x_wconf 88' lang='lat' dir='ltr'><strong>vii</strong></span> <span class='ocrx_word' id='word_1_104' title='bbox 624 1603 685 1663; x_wconf 91' lang='lat' dir='ltr'><strong>die·</strong></span> <span class='ocrx_word' id='word_1_105' title='bbox 725 1603 873 1663; x_wconf 89' lang='lat' dir='ltr'><strong>ciuitatem</strong></span> <span class='ocrx_word' id='word_1_106' title='bbox 907 1603 1023 1680; x_wconf 90' lang='lat' dir='ltr'><strong>publice</strong></span> <span class='ocrx_word' id='word_1_107' title='bbox 1051 1601 1219 1674; x_wconf 84' lang='lat' dir='ltr'><strong>lustrabant,</strong></span> <span class='ocrx_word' id='word_1_108' title='bbox 1255 1610 1287 1660; x_wconf 91' lang='lat' dir='ltr'><strong>et</strong></span> 
     </span>
    </p>

    <p class='ocr_par' dir='ltr' id='par_1_8' title="bbox 129 1682 1287 1762">
     <span class='ocr_line' id='line_1_16' title="bbox 129 1682 1287 1762; baseline 0 -20"><span class='ocrx_word' id='word_1_109' title='bbox 129 1684 184 1743; x_wconf 90' lang='lat' dir='ltr'><strong>bus</strong></span> <span class='ocrx_word' id='word_1_110' title='bbox 212 1684 459 1744; x_wconf 86' lang='lat' dir='ltr'><strong>excommunicari</strong></span> <span class='ocrx_word' id='word_1_111' title='bbox 488 1694 521 1742; x_wconf 88' lang='lat' dir='ltr'><strong>ut</strong></span> <span class='ocrx_word' id='word_1_112' title='bbox 552 1685 593 1743; x_wconf 93' lang='lat' dir='ltr'><strong>sic</strong></span> <span class='ocrx_word' id='word_1_113' title='bbox 621 1703 684 1744; x_wconf 90' lang='lat' dir='ltr'><strong>om·</strong></span> <span class='ocrx_word' id='word_1_114' title='bbox 725 1686 853 1762; x_wconf 87' lang='lat' dir='ltr'><strong>aliquem</strong></span> <span class='ocrx_word' id='word_1_115' title='bbox 874 1685 981 1745; x_wconf 86' lang='lat' dir='ltr'><strong>ciuium</strong></span> <span class='ocrx_word' id='word_1_116' title='bbox 1002 1701 1091 1760; x_wconf 90' lang='lat' dir='ltr'><strong>quem</strong></span> <span class='ocrx_word' id='word_1_117' title='bbox 1116 1683 1146 1742; x_wconf 93' lang='lat' dir='ltr'><strong>in</strong></span> <span class='ocrx_word' id='word_1_118' title='bbox 1168 1683 1217 1742; x_wconf 92' lang='lat' dir='ltr'><strong>illa</strong></span> <span class='ocrx_word' id='word_1_119' title='bbox 1237 1682 1287 1742; x_wconf 90' lang='lat' dir='ltr'><strong>die</strong></span> 
     </span>
    </p>

    <p class='ocr_par' dir='ltr' id='par_1_9' title="bbox 129 1764 1286 1990">
     <span class='ocr_line' id='line_1_17' title="bbox 129 1764 1284 1843; baseline -0.001 -20"><span class='ocrx_word' id='word_1_120' title='bbox 129 1766 211 1824; x_wconf 89' lang='lat' dir='ltr'><strong>nium</strong></span> <span class='ocrx_word' id='word_1_121' title='bbox 224 1776 346 1842; x_wconf 91' lang='lat' dir='ltr'><strong>peccata</strong></span> <span class='ocrx_word' id='word_1_122' title='bbox 360 1766 439 1825; x_wconf 92' lang='lat' dir='ltr'><strong>solus</strong></span> <span class='ocrx_word' id='word_1_123' title='bbox 453 1764 580 1825; x_wconf 86' lang='lat' dir='ltr'><strong>haberet</strong></span> <span class='ocrx_word' id='word_1_124' title='bbox 626 1765 663 1825; x_wconf 86' lang='lat' dir='ltr'><strong>G.</strong></span> <span class='ocrx_word' id='word_1_125' title='bbox 724 1767 872 1826; x_wconf 90' lang='lat' dir='ltr'><strong>habebant</strong></span> <span class='ocrx_word' id='word_1_126' title='bbox 893 1765 1033 1826; x_wconf 89' lang='lat' dir='ltr'><strong>deuotum</strong></span> <span class='ocrx_word' id='word_1_127' title='bbox 1057 1783 1112 1843; x_wconf 91' lang='lat' dir='ltr'><strong>pro</strong></span> <span class='ocrx_word' id='word_1_128' title='bbox 1140 1765 1284 1841; x_wconf 72' lang='lat' dir='ltr'><strong>capitibus</strong></span> 
     </span>
     <span class='ocr_line' id='line_1_18' title="bbox 728 1843 1286 1925; baseline -0.004 -18"><span class='ocrx_word' id='word_1_129' title='bbox 728 1849 862 1908; x_wconf 88' lang='lat' dir='ltr'><strong>omniurn</strong></span> <span class='ocrx_word' id='word_1_130' title='bbox 885 1847 1029 1925; x_wconf 86' lang='lat' dir='ltr'><strong>lapidibus</strong></span> <span class='ocrx_word' id='word_1_131' title='bbox 1049 1846 1232 1906; x_wconf 78' lang='lat' dir='ltr'><strong>occidebant.</strong></span> <span class='ocrx_word' id='word_1_132' title='bbox 1258 1843 1286 1905; x_wconf 86' lang='lat' dir='ltr'><em>C</em></span> 
     </span>
     <span class='ocr_line' id='line_1_19' title="bbox 726 1930 834 1990; baseline -0.009 -1"><span class='ocrx_word' id='word_1_133' title='bbox 726 1930 834 1990; x_wconf 74' lang='lat' dir='ltr'><strong>elAsk.</strong></span> 
     </span>
    </p>

    <p class='ocr_par' dir='ltr' id='par_1_10' title="bbox 83 2008 1284 2234">
     <span class='ocr_line' id='line_1_20' title="bbox 170 2008 1284 2090; baseline -0.004 -20"><span class='ocrx_word' id='word_1_134' title='bbox 170 2010 324 2070; x_wconf 81' lang='lat' dir='ltr'><strong>Abderitae</strong></span> <span class='ocrx_word' id='word_1_135' title='bbox 339 2011 406 2071; x_wconf 89' lang='lat' dir='ltr'><strong>dicti</strong></span> <span class='ocrx_word' id='word_1_136' title='bbox 428 2021 495 2071; x_wconf 90' lang='lat' dir='ltr'><strong>sunt</strong></span> <span class='ocrx_word' id='word_1_137' title='bbox 516 2013 547 2071; x_wconf 91' lang='lat' dir='ltr'><strong>in</strong></span> <span class='ocrx_word' id='word_1_138' title='bbox 561 2029 625 2072; x_wconf 89' lang='lat' dir='ltr'><strong>uno·</strong></span> <span class='ocrx_word' id='word_1_139' title='bbox 637 2030 755 2090; x_wconf 89' lang='lat' dir='ltr'><strong>quoque</strong></span> <span class='ocrx_word' id='word_1_140' title='bbox 771 2029 851 2070; x_wconf 92' lang='lat' dir='ltr'><strong>anno</strong></span> <span class='ocrx_word' id='word_1_141' title='bbox 868 2010 1004 2070; x_wconf 89' lang='lat' dir='ltr'><strong>lustrasse</strong></span> <span class='ocrx_word' id='word_1_142' title='bbox 1020 2028 1051 2069; x_wconf 92' lang='lat' dir='ltr'><strong>se</strong></span> <span class='ocrx_word' id='word_1_143' title='bbox 1066 2008 1191 2087; x_wconf 90' lang='lat' dir='ltr'><strong>publice,</strong></span> <span class='ocrx_word' id='word_1_144' title='bbox 1209 2008 1284 2067; x_wconf 91' lang='lat' dir='ltr'><strong>etin</strong></span> 
     </span>
     <span class='ocr_line' id='line_1_21' title="bbox 130 2091 1283 2171; baseline -0.003 -20"><span class='ocrx_word' id='word_1_145' title='bbox 130 2092 175 2152; x_wconf 90' lang='lat' dir='ltr'><strong>his</strong></span> <span class='ocrx_word' id='word_1_146' title='bbox 190 2104 321 2170; x_wconf 90' lang='lat' dir='ltr'><strong>emptum</strong></span> <span class='ocrx_word' id='word_1_147' title='bbox 337 2093 487 2153; x_wconf 90' lang='lat' dir='ltr'><strong>hominem</strong></span> <span class='ocrx_word' id='word_1_148' title='bbox 502 2112 556 2170; x_wconf 90' lang='lat' dir='ltr'><strong>pro</strong></span> <span class='ocrx_word' id='word_1_149' title='bbox 571 2095 714 2171; x_wconf 85' lang='lat' dir='ltr'><strong>capitibus</strong></span> <span class='ocrx_word' id='word_1_150' title='bbox 728 2095 862 2153; x_wconf 90' lang='lat' dir='ltr'><strong>omnium</strong></span> <span class='ocrx_word' id='word_1_151' title='bbox 876 2093 1017 2152; x_wconf 89' lang='lat' dir='ltr'><strong>deuotum</strong></span> <span class='ocrx_word' id='word_1_152' title='bbox 1038 2091 1182 2168; x_wconf 87' lang='lat' dir='ltr'><strong>lapidibus</strong></span> <span class='ocrx_word' id='word_1_153' title='bbox 1204 2091 1283 2151; x_wconf 91' lang='lat' dir='ltr'><strong>occi-</strong></span> 
     </span>
     <span class='ocr_line' id='line_1_22' title="bbox 83 2171 328 2234; baseline -0.008 1"><span class='ocrx_word' id='word_1_154' title='bbox 83 2171 87 2178; x_wconf 83' lang='grc'><em>’</em></span> <span class='ocrx_word' id='word_1_155' title='bbox 130 2174 248 2234; x_wconf 78' lang='lat' dir='ltr'><strong>debant</strong></span> <span class='ocrx_word' id='word_1_156' title='bbox 289 2175 328 2234; x_wconf 89' lang='lat' dir='ltr'><strong>P.</strong></span> 
     </span>
    </p>

    <p class='ocr_par' dir='ltr' id='par_1_11' title="bbox 130 2248 1284 2578">
     <span class='ocr_line' id='line_1_23' title="bbox 171 2248 1283 2338; baseline -0.002 -24"><span class='ocrx_word' id='word_1_157' title='bbox 171 2259 240 2332; x_wconf 86' lang='lat'><strong>469.</strong></span> <span class='ocrx_word' id='word_1_158' title='bbox 274 2257 343 2316; x_wconf 91' lang='lat' dir='ltr'><strong>Aut</strong></span> <span class='ocrx_word' id='word_1_159' title='bbox 398 2256 496 2316; x_wconf 87' lang='lat' dir='ltr'><strong>louis</strong></span> <span class='ocrx_word' id='word_1_160' title='bbox 551 2255 686 2317; x_wconf 87' lang='lat' dir='ltr'><strong>infesti.</strong></span> <span class='ocrx_word' id='word_1_161' title='bbox 770 2258 945 2317; x_wconf 89' lang='lat' dir='ltr'><strong>*Procustes</strong></span> <span class='ocrx_word' id='word_1_162' title='bbox 976 2251 1069 2338; x_wconf 91' lang='lat' dir='ltr'><strong>[satus</strong></span> <span class='ocrx_word' id='word_1_163' title='bbox 1100 2248 1283 2335; x_wconf 85' lang='lat' dir='ltr'><strong>Hipponoo]</strong></span> 
     </span>
     <span class='ocr_line' id='line_1_24' title="bbox 133 2335 1284 2414; baseline -0.003 -17"><span class='ocrx_word' id='word_1_164' title='bbox 133 2335 280 2397; x_wconf 82' lang='lat' dir='ltr'><strong>*Demens</strong></span> <span class='ocrx_word' id='word_1_165' title='bbox 295 2338 370 2396; x_wconf 91' lang='lat' dir='ltr'><strong>filius</strong></span> <span class='ocrx_word' id='word_1_166' title='bbox 382 2337 539 2414; x_wconf 84' lang='lat' dir='ltr'><strong>Hipponoi</strong></span> <span class='ocrx_word' id='word_1_167' title='bbox 553 2349 582 2398; x_wconf 94' lang='lat' dir='ltr'><strong>et</strong></span> <span class='ocrx_word' id='word_1_168' title='bbox 595 2340 687 2404; x_wconf 92' lang='lat' dir='ltr'><strong>†Pac·</strong></span> <span class='ocrx_word' id='word_1_169' title='bbox 728 2348 773 2399; x_wconf 90' lang='lat' dir='ltr'><strong>est</strong></span> <span class='ocrx_word' id='word_1_170' title='bbox 787 2338 954 2397; x_wconf 86' lang='lat' dir='ltr'><strong>fulminatus</strong></span> <span class='ocrx_word' id='word_1_171' title='bbox 972 2356 992 2396; x_wconf 92' lang='lat' dir='ltr'><strong>a·</strong></span> <span class='ocrx_word' id='word_1_172' title='bbox 1003 2336 1077 2396; x_wconf 91' lang='lat' dir='ltr'><strong>Ioue</strong></span> <span class='ocrx_word' id='word_1_173' title='bbox 1096 2336 1164 2413; x_wconf 89' lang='lat' dir='ltr'><strong>quia</strong></span> <span class='ocrx_word' id='word_1_174' title='bbox 1177 2337 1240 2413; x_wconf 92' lang='lat' dir='ltr'><strong>ipse</strong></span> <span class='ocrx_word' id='word_1_175' title='bbox 1254 2346 1284 2394; x_wconf 87' lang='lat' dir='ltr'><strong>et</strong></span> 
     </span>
     <span class='ocr_line' id='line_1_25' title="bbox 130 2417 1284 2497; baseline -0.003 -20"><span class='ocrx_word' id='word_1_176' title='bbox 130 2428 210 2478; x_wconf 90' lang='lat' dir='ltr'><strong>tama</strong></span> <span class='ocrx_word' id='word_1_177' title='bbox 224 2429 306 2496; x_wconf 87' lang='lat' dir='ltr'><strong>pater</strong></span> <span class='ocrx_word' id='word_1_178' title='bbox 320 2419 471 2479; x_wconf 80' lang='lat' dir='ltr'><strong>Dexiones</strong></span> <span class='ocrx_word' id='word_1_179' title='bbox 487 2438 539 2497; x_wconf 92' lang='lat' dir='ltr'><strong>pro</strong></span> <span class='ocrx_word' id='word_1_180' title='bbox 558 2421 687 2497; x_wconf 90' lang='lat' dir='ltr'><strong>nequitia</strong></span> <span class='ocrx_word' id='word_1_181' title='bbox 728 2420 832 2480; x_wconf 90' lang='lat' dir='ltr'><strong>Iouem</strong></span> <span class='ocrx_word' id='word_1_182' title='bbox 854 2419 1007 2496; x_wconf 83' lang='lat' dir='ltr'><strong>negligens</strong></span> <span class='ocrx_word' id='word_1_183' title='bbox 1026 2419 1115 2478; x_wconf 87' lang='lat' dir='ltr'><strong>filiam</strong></span> <span class='ocrx_word' id='word_1_184' title='bbox 1135 2435 1219 2476; x_wconf 88' lang='lat' dir='ltr'><strong>suam</strong></span> <span class='ocrx_word' id='word_1_185' title='bbox 1239 2417 1284 2475; x_wconf 89' lang='lat' dir='ltr'><strong>in-</strong></span> 
     </span>
     <span class='ocr_line' id='line_1_26' title="bbox 130 2500 1283 2578; baseline -0.003 -18"><span class='ocrx_word' id='word_1_186' title='bbox 130 2518 183 2560; x_wconf 90' lang='lat' dir='ltr'><strong>sua</strong></span> <span class='ocrx_word' id='word_1_187' title='bbox 197 2520 215 2560; x_wconf 92' lang='lat' dir='ltr'><strong>a</strong></span> <span class='ocrx_word' id='word_1_188' title='bbox 228 2500 273 2560; x_wconf 94' lang='lat' dir='ltr'><strong>dis</strong></span> <span class='ocrx_word' id='word_1_189' title='bbox 287 2500 430 2560; x_wconf 91' lang='lat' dir='ltr'><strong>fulminati</strong></span> <span class='ocrx_word' id='word_1_190' title='bbox 445 2512 520 2560; x_wconf 90' lang='lat' dir='ltr'><strong>sunt.</strong></span> <span class='ocrx_word' id='word_1_191' title='bbox 565 2501 602 2562; x_wconf 85' lang='lat' dir='ltr'><strong>G.</strong></span> <span class='ocrx_word' id='word_1_192' title='bbox 726 2502 885 2573; x_wconf 90' lang='lat' dir='ltr'><strong>terfeeerat,</strong></span> <span class='ocrx_word' id='word_1_193' title='bbox 915 2503 983 2578; x_wconf 90' lang='lat' dir='ltr'><strong>quia</strong></span> <span class='ocrx_word' id='word_1_194' title='bbox 1010 2500 1114 2559; x_wconf 91' lang='lat' dir='ltr'><strong>Iouem</strong></span> <span class='ocrx_word' id='word_1_195' title='bbox 1147 2516 1216 2559; x_wconf 90' lang='lat' dir='ltr'><strong>cum</strong></span> <span class='ocrx_word' id='word_1_196' title='bbox 1247 2516 1283 2558; x_wconf 88' lang='lat' dir='ltr'><strong>ea</strong></span> 
     </span>
    </p>

    <p class='ocr_par' dir='ltr' id='par_1_12' title="bbox 131 2582 1284 3068">
     <span class='ocr_line' id='line_1_27' title="bbox 172 2582 1283 2661; baseline -0.001 -21"><span class='ocrx_word' id='word_1_197' title='bbox 172 2582 347 2642; x_wconf 87' lang='lat' dir='ltr'><strong>*Procustes</strong></span> <span class='ocrx_word' id='word_1_198' title='bbox 402 2583 477 2641; x_wconf 87' lang='lat' dir='ltr'><strong>filius</strong></span> <span class='ocrx_word' id='word_1_199' title='bbox 532 2584 685 2661; x_wconf 79' lang='lat' dir='ltr'><strong>Hipponoi</strong></span> <span class='ocrx_word' id='word_1_200' title='bbox 727 2584 920 2644; x_wconf 87' lang='lat' dir='ltr'><strong>concubuisse</strong></span> <span class='ocrx_word' id='word_1_201' title='bbox 972 2582 1109 2641; x_wconf 89' lang='lat' dir='ltr'><strong>audierat.</strong></span> <span class='ocrx_word' id='word_1_202' title='bbox 1183 2589 1283 2658; x_wconf 89' lang='lat' dir='ltr'><strong>pater</strong></span> 
     </span>
     <span class='ocr_line' id='line_1_28' title="bbox 132 2661 1282 2742; baseline 0 -21"><span class='ocrx_word' id='word_1_203' title='bbox 132 2662 299 2723; x_wconf 90' lang='lat' dir='ltr'><strong>Teleboum</strong></span> <span class='ocrx_word' id='word_1_204' title='bbox 307 2664 444 2742; x_wconf 90' lang='lat' dir='ltr'><strong>princeps</strong></span> <span class='ocrx_word' id='word_1_205' title='bbox 454 2666 536 2741; x_wconf 91' lang='lat' dir='ltr'><strong>periit</strong></span> <span class='ocrx_word' id='word_1_206' title='bbox 545 2684 613 2724; x_wconf 90' lang='lat' dir='ltr'><strong>cum</strong></span> <span class='ocrx_word' id='word_1_207' title='bbox 624 2675 685 2725; x_wconf 91' lang='lat' dir='ltr'><strong>tota</strong></span> <span class='ocrx_word' id='word_1_208' title='bbox 726 2665 929 2737; x_wconf 85' lang='lat' dir='ltr'><strong>Dexithoes,</strong></span> <span class='ocrx_word' id='word_1_209' title='bbox 952 2665 970 2723; x_wconf 92' lang='lat' dir='ltr'><strong>i.</strong></span> <span class='ocrx_word' id='word_1_210' title='bbox 985 2663 1091 2735; x_wconf 92' lang='lat' dir='ltr'><strong>Acrita‚</strong></span> <span class='ocrx_word' id='word_1_211' title='bbox 1113 2661 1282 2721; x_wconf 83' lang='lat' dir='ltr'><strong>fulminatus</strong></span> 
     </span>
     <span class='ocr_line' id='line_1_29' title="bbox 131 2742 1284 2823; baseline 0 -21"><span class='ocrx_word' id='word_1_212' title='bbox 131 2743 241 2803; x_wconf 87' lang='lat' dir='ltr'><strong>familia</strong></span> <span class='ocrx_word' id='word_1_213' title='bbox 262 2745 429 2806; x_wconf 85' lang='lat' dir='ltr'><strong>fulminatus</strong></span> <span class='ocrx_word' id='word_1_214' title='bbox 452 2757 576 2823; x_wconf 87' lang='lat' dir='ltr'><strong>excepta</strong></span> <span class='ocrx_word' id='word_1_215' title='bbox 596 2747 685 2806; x_wconf 86' lang='lat' dir='ltr'><strong>Dexi·</strong></span> <span class='ocrx_word' id='word_1_216' title='bbox 727 2757 771 2806; x_wconf 92' lang='lat' dir='ltr'><strong>est</strong></span> <span class='ocrx_word' id='word_1_217' title='bbox 786 2766 803 2806; x_wconf 88' lang='lat' dir='ltr'><strong>a</strong></span> <span class='ocrx_word' id='word_1_218' title='bbox 817 2746 889 2805; x_wconf 88' lang='lat' dir='ltr'><strong>loue</strong></span> <span class='ocrx_word' id='word_1_219' title='bbox 904 2746 1008 2805; x_wconf 90' lang='lat' dir='ltr'><strong>eadem</strong></span> <span class='ocrx_word' id='word_1_220' title='bbox 1023 2744 1060 2804; x_wconf 93' lang='lat' dir='ltr'><strong>dc</strong></span> <span class='ocrx_word' id='word_1_221' title='bbox 1076 2762 1182 2804; x_wconf 79' lang='lat' dir='ltr'><strong>causa.</strong></span> <span class='ocrx_word' id='word_1_222' title='bbox 1219 2742 1246 2803; x_wconf 91' lang='lat' dir='ltr'><em>C</em></span> <span class='ocrx_word' id='word_1_223' title='bbox 1255 2750 1284 2802; x_wconf 77' lang='lat' dir='ltr'><strong>et</strong></span> 
     </span>
     <span class='ocr_line' id='line_1_30' title="bbox 131 2826 796 2904; baseline 0.003 -20"><span class='ocrx_word' id='word_1_224' title='bbox 131 2826 199 2884; x_wconf 79' lang='lat' dir='ltr'><strong>thoe</strong></span> <span class='ocrx_word' id='word_1_225' title='bbox 220 2844 238 2884; x_wconf 90' lang='lat' dir='ltr'><strong>a</strong></span> <span class='ocrx_word' id='word_1_226' title='bbox 258 2845 317 2903; x_wconf 85' lang='lat' dir='ltr'><strong>qua</strong></span> <span class='ocrx_word' id='word_1_227' title='bbox 338 2826 449 2904; x_wconf 89' lang='lat' dir='ltr'><strong>Iupiter</strong></span> <span class='ocrx_word' id='word_1_228' title='bbox 470 2828 597 2904; x_wconf 91' lang='lat' dir='ltr'><strong>quadam</strong></span> <span class='ocrx_word' id='word_1_229' title='bbox 621 2829 686 2888; x_wconf 88' lang='lat' dir='ltr'><strong>uice</strong></span> <span class='ocrx_word' id='word_1_230' title='bbox 709 2828 796 2887; x_wconf 44' lang='lat' dir='ltr'><strong>‘Asa</strong></span> 
     </span>
     <span class='ocr_line' id='line_1_31' title="bbox 132 2904 1283 2985; baseline 0.001 -21"><span class='ocrx_word' id='word_1_231' title='bbox 132 2906 225 2966; x_wconf 89' lang='lat' dir='ltr'><strong>fuerat</strong></span> <span class='ocrx_word' id='word_1_232' title='bbox 239 2907 410 2984; x_wconf 90' lang='lat' dir='ltr'><strong>hospitatus.</strong></span> <span class='ocrx_word' id='word_1_233' title='bbox 442 2910 489 2968; x_wconf 89' lang='lat' dir='ltr'><strong>uel</strong></span> <span class='ocrx_word' id='word_1_234' title='bbox 504 2906 592 2978; x_wconf 90' lang='lat' dir='ltr'><strong>aliter,</strong></span> <span class='ocrx_word' id='word_1_235' title='bbox 604 2919 687 2985; x_wconf 87' lang='lat' dir='ltr'><strong>pater</strong></span> <span class='ocrx_word' id='word_1_236' title='bbox 767 2909 943 2969; x_wconf 89' lang='lat' dir='ltr'><strong>Telchinum</strong></span> <span class='ocrx_word' id='word_1_237' title='bbox 984 2908 1122 2984; x_wconf 90' lang='lat' dir='ltr'><strong>princeps</strong></span> <span class='ocrx_word' id='word_1_238' title='bbox 1160 2904 1283 2965; x_wconf 88' lang='lat' dir='ltr'><strong>fulmine</strong></span> 
     </span>
     <span class='ocr_line' id='line_1_32' title="bbox 131 2987 1282 3068; baseline 0 -22"><span class='ocrx_word' id='word_1_239' title='bbox 131 2987 302 3060; x_wconf 83' lang='lat' dir='ltr'><strong>Dexitlroes,</strong></span> <span class='ocrx_word' id='word_1_240' title='bbox 333 2989 364 3049; x_wconf 94' lang='lat' dir='ltr'><strong>id</strong></span> <span class='ocrx_word' id='word_1_241' title='bbox 395 2999 439 3049; x_wconf 92' lang='lat' dir='ltr'><strong>est</strong></span> <span class='ocrx_word' id='word_1_242' title='bbox 466 2995 562 3066; x_wconf 88' lang='lat' dir='ltr'><strong>†paua</strong></span> <span class='ocrx_word' id='word_1_243' title='bbox 586 2996 686 3054; x_wconf 80' lang='lat' dir='ltr'><strong>curtat</strong></span> <span class='ocrx_word' id='word_1_244' title='bbox 727 2992 811 3068; x_wconf 90' lang='lat' dir='ltr'><strong>periit</strong></span> <span class='ocrx_word' id='word_1_245' title='bbox 826 3009 894 3050; x_wconf 91' lang='lat' dir='ltr'><strong>cum</strong></span> <span class='ocrx_word' id='word_1_246' title='bbox 908 2999 968 3049; x_wconf 90' lang='lat' dir='ltr'><strong>tota</strong></span> <span class='ocrx_word' id='word_1_247' title='bbox 983 3007 1036 3048; x_wconf 92' lang='lat' dir='ltr'><strong>sua</strong></span> <span class='ocrx_word' id='word_1_248' title='bbox 1051 2988 1142 3047; x_wconf 92' lang='lat' dir='ltr'><strong>domo</strong></span> <span class='ocrx_word' id='word_1_249' title='bbox 1157 2999 1282 3062; x_wconf 82' lang='lat' dir='ltr'><strong>excepta</strong></span> 
     </span>
    </p>
   </div>
   <div class='ocr_carea' id='block_1_6' title="bbox 130 3068 1281 3214">
    <p class='ocr_par' dir='ltr' id='par_1_13' title="bbox 130 3068 1281 3214">
     <span class='ocr_line' id='line_1_33' title="bbox 130 3068 1281 3211; baseline -0.002 -83"><span class='ocrx_word' id='word_1_250' title='bbox 130 3080 316 3209; x_wconf 50' lang='lat' dir='ltr'><strong>ffintemptor</strong></span> <span class='ocrx_word' id='word_1_251' title='bbox 350 3071 472 3130; x_wconf 89' lang='lat' dir='ltr'><strong>deorum</strong></span> <span class='ocrx_word' id='word_1_252' title='bbox 509 3071 685 3132; x_wconf 86' lang='lat' dir='ltr'><strong>fulminatus.</strong></span> <span class='ocrx_word' id='word_1_253' title='bbox 727 3072 785 3130; x_wconf 90' lang='lat' dir='ltr'><strong>filia</strong></span> <span class='ocrx_word' id='word_1_254' title='bbox 799 3073 881 3211; x_wconf 44' lang='lat' dir='ltr'><strong>elalius</strong></span> <span class='ocrx_word' id='word_1_255' title='bbox 896 3081 957 3130; x_wconf 90' lang='lat' dir='ltr'><strong>erat</strong></span> <span class='ocrx_word' id='word_1_256' title='bbox 971 3070 1081 3147; x_wconf 82' lang='lat' dir='ltr'><strong>iupiter</strong></span> <span class='ocrx_word' id='word_1_257' title='bbox 1096 3085 1167 3128; x_wconf 90' lang='lat' dir='ltr'><strong>usus</strong></span> <span class='ocrx_word' id='word_1_258' title='bbox 1181 3068 1281 3145; x_wconf 92' lang='lat' dir='ltr'><strong>hospi-</strong></span> 
     </span>
     <span class='ocr_line' id='line_1_34' title="bbox 171 3156 856 3214; baseline 0.003 -4"><span class='ocrx_word' id='word_1_259' title='bbox 171 3171 229 3211; x_wconf 68' lang='grc' dir='ltr'><em>τινα.</em></span> <span class='ocrx_word' id='word_1_260' title='bbox 727 3156 775 3214; x_wconf 90' lang='lat' dir='ltr'><strong>tio.</strong></span> <span class='ocrx_word' id='word_1_261' title='bbox 849 3199 856 3212; x_wconf 88' lang='lat'><strong>.</strong></span> 
     </span>
    </p>
   </div>
   <div class='ocr_carea' id='block_1_7' title="bbox 55 3297 1328 4359">
    <p class='ocr_par' dir='ltr' id='par_1_14' title="bbox 129 3297 1282 3442">
     <span class='ocr_line' id='line_1_35' title="bbox 131 3297 1282 3369; baseline 0.001 -17"><span class='ocrx_word' id='word_1_262' title='bbox 131 3297 273 3369; x_wconf 89' lang='lat' dir='ltr'><strong>Liparium</strong></span> <span class='ocrx_word' id='word_1_263' title='bbox 286 3306 405 3354; x_wconf 87' lang='lat' dir='ltr'><strong>castrum</strong></span> <span class='ocrx_word' id='word_1_264' title='bbox 417 3301 455 3355; x_wconf 71' lang='lat' dir='ltr'><strong>ed:</strong></span> <span class='ocrx_word' id='word_1_265' title='bbox 468 3303 558 3355; x_wconf 86' lang='lat' dir='ltr'><strong>Paris.</strong></span> <span class='ocrx_word' id='word_1_266' title='bbox 617 3300 746 3354; x_wconf 85' lang='lat' dir='ltr'><strong>tod&#39;otum</strong></span> <span class='ocrx_word' id='word_1_267' title='bbox 759 3303 787 3353; x_wconf 82' lang='lat' dir='ltr'><strong>P·</strong></span> <span class='ocrx_word' id='word_1_268' title='bbox 837 3299 940 3368; x_wconf 90' lang='lat' dir='ltr'><strong>lippare</strong></span> <span class='ocrx_word' id='word_1_269' title='bbox 952 3301 1030 3354; x_wconf 87' lang='lat' dir='ltr'><strong>Mare</strong></span> <span class='ocrx_word' id='word_1_270' title='bbox 1082 3298 1282 3353; x_wconf 83' lang='lat' dir='ltr'><strong>tirrenisMure</strong></span> 
     </span>
     <span class='ocr_line' id='line_1_36' title="bbox 129 3369 1075 3442; baseline 0.002 -19"><span class='ocrx_word' id='word_1_271' title='bbox 129 3369 424 3426; x_wconf 86' lang='lat' dir='ltr'><strong>deuoraueruntMure</strong></span> <span class='ocrx_word' id='word_1_272' title='bbox 493 3371 698 3424; x_wconf 85' lang='lat' dir='ltr'><strong>bastriauorum</strong></span> <span class='ocrx_word' id='word_1_273' title='bbox 706 3373 769 3442; x_wconf 82' lang='lat' dir='ltr'><strong>Reg.</strong></span> <span class='ocrx_word' id='word_1_274' title='bbox 841 3376 929 3424; x_wconf 90' lang='lat' dir='ltr'><strong>arsate</strong></span> <span class='ocrx_word' id='word_1_275' title='bbox 942 3372 1004 3441; x_wconf 73' lang='lat' dir='ltr'><strong>Reg.</strong></span> <span class='ocrx_word' id='word_1_276' title='bbox 1071 3397 1075 3403; x_wconf 86' lang='lat'><strong>.</strong></span> 
     </span>
    </p>

    <p class='ocr_par' dir='ltr' id='par_1_15' title="bbox 128 3440 1282 3851">
     <span class='ocr_line' id='line_1_37' title="bbox 165 3440 1282 3512; baseline 0 -19"><span class='ocrx_word' id='word_1_277' title='bbox 165 3444 227 3506; x_wconf 85' lang='lat'><strong>467.</strong></span> <span class='ocrx_word' id='word_1_278' title='bbox 245 3441 370 3512; x_wconf 86' lang='lat' dir='ltr'><strong>ciuitate]</strong></span> <span class='ocrx_word' id='word_1_279' title='bbox 384 3459 416 3497; x_wconf 91' lang='lat' dir='ltr'><strong>.c.</strong></span> <span class='ocrx_word' id='word_1_280' title='bbox 432 3444 455 3496; x_wconf 88' lang='lat' dir='ltr'><em>G</em></span> <span class='ocrx_word' id='word_1_281' title='bbox 502 3458 586 3511; x_wconf 89' lang='lat' dir='ltr'><strong>quem</strong></span> <span class='ocrx_word' id='word_1_282' title='bbox 598 3442 737 3496; x_wconf 87' lang='lat' dir='ltr'><strong>habebant</strong></span> <span class='ocrx_word' id='word_1_283' title='bbox 750 3443 884 3495; x_wconf 90' lang='lat' dir='ltr'><strong>deuotum</strong></span> <span class='ocrx_word' id='word_1_284' title='bbox 896 3441 940 3495; x_wconf 89' lang='lat' dir='ltr'><strong>illa</strong></span> <span class='ocrx_word' id='word_1_285' title='bbox 952 3443 996 3496; x_wconf 90' lang='lat' dir='ltr'><strong>die</strong></span> <span class='ocrx_word' id='word_1_286' title='bbox 1007 3443 1073 3496; x_wconf 85' lang='lat' dir='ltr'><strong>Ask.</strong></span> <span class='ocrx_word' id='word_1_287' title='bbox 1126 3440 1282 3494; x_wconf 87' lang='lat' dir='ltr'><strong>obruebant</strong></span> 
     </span>
     <span class='ocr_line' id='line_1_38' title="bbox 132 3512 1281 3582; baseline 0.001 -18"><span class='ocrx_word' id='word_1_288' title='bbox 132 3513 198 3567; x_wconf 82' lang='lat' dir='ltr'><strong>Ask.</strong></span> <span class='ocrx_word' id='word_1_289' title='bbox 253 3512 366 3566; x_wconf 90' lang='lat' dir='ltr'><strong>abdride</strong></span> <span class='ocrx_word' id='word_1_290' title='bbox 378 3517 403 3567; x_wconf 88' lang='lat' dir='ltr'><strong>P</strong></span> <span class='ocrx_word' id='word_1_291' title='bbox 462 3513 562 3567; x_wconf 82' lang='lat' dir='ltr'><strong>Similia</strong></span> <span class='ocrx_word' id='word_1_292' title='bbox 575 3516 653 3568; x_wconf 82' lang='lat' dir='ltr'><strong>Mare</strong></span> <span class='ocrx_word' id='word_1_293' title='bbox 664 3533 686 3567; x_wconf 86' lang='lat' dir='ltr'><strong>s.</strong></span> <span class='ocrx_word' id='word_1_294' title='bbox 700 3532 724 3567; x_wconf 85' lang='lat' dir='ltr'><strong>u.</strong></span> <span class='ocrx_word' id='word_1_295' title='bbox 737 3512 847 3567; x_wconf 86' lang='lat' dir='ltr'><strong>Abdera</strong></span> <span class='ocrx_word' id='word_1_296' title='bbox 860 3518 902 3566; x_wconf 89' lang='lat' dir='ltr'><strong>est</strong></span> <span class='ocrx_word' id='word_1_297' title='bbox 914 3518 988 3568; x_wconf 87' lang='lat' dir='ltr'><strong>terra</strong></span> <span class='ocrx_word' id='word_1_298' title='bbox 1001 3513 1028 3566; x_wconf 90' lang='lat' dir='ltr'><strong>in</strong></span> <span class='ocrx_word' id='word_1_299' title='bbox 1041 3528 1096 3582; x_wconf 88' lang='lat' dir='ltr'><strong>qua</strong></span> <span class='ocrx_word' id='word_1_300' title='bbox 1108 3513 1136 3565; x_wconf 90' lang='lat' dir='ltr'><strong>in</strong></span> <span class='ocrx_word' id='word_1_301' title='bbox 1149 3512 1281 3566; x_wconf 88' lang='lat' dir='ltr'><strong>Kalendis</strong></span> 
     </span>
     <span class='ocr_line' id='line_1_39' title="bbox 133 3582 1280 3652; baseline 0.003 -18"><span class='ocrx_word' id='word_1_302' title='bbox 133 3582 251 3635; x_wconf 89' lang='lat' dir='ltr'><strong>lanuarii</strong></span> <span class='ocrx_word' id='word_1_303' title='bbox 263 3582 388 3637; x_wconf 89' lang='lat' dir='ltr'><strong>homines</strong></span> <span class='ocrx_word' id='word_1_304' title='bbox 404 3584 531 3651; x_wconf 83' lang='lat' dir='ltr'><strong>indigene</strong></span> <span class='ocrx_word' id='word_1_305' title='bbox 550 3600 635 3637; x_wconf 90' lang='lat' dir='ltr'><strong>unum</strong></span> <span class='ocrx_word' id='word_1_306' title='bbox 654 3590 778 3652; x_wconf 89' lang='lat' dir='ltr'><strong>emptum</strong></span> <span class='ocrx_word' id='word_1_307' title='bbox 796 3599 847 3652; x_wconf 90' lang='lat' dir='ltr'><strong>pro</strong></span> <span class='ocrx_word' id='word_1_308' title='bbox 865 3583 999 3652; x_wconf 91' lang='lat' dir='ltr'><strong>capitibus</strong></span> <span class='ocrx_word' id='word_1_309' title='bbox 1011 3585 1135 3637; x_wconf 87' lang='lat' dir='ltr'><strong>omniurn</strong></span> <span class='ocrx_word' id='word_1_310' title='bbox 1148 3583 1280 3637; x_wconf 90' lang='lat' dir='ltr'><strong>deuotum</strong></span> 
     </span>
     <span class='ocr_line' id='line_1_40' title="bbox 132 3651 1280 3724; baseline 0.002 -19"><span class='ocrx_word' id='word_1_311' title='bbox 132 3651 296 3720; x_wconf 86' lang='lat' dir='ltr'><strong>lapidabant.</strong></span> <span class='ocrx_word' id='word_1_312' title='bbox 332 3655 406 3708; x_wconf 91' lang='lat' dir='ltr'><strong>unde</strong></span> <span class='ocrx_word' id='word_1_313' title='bbox 423 3654 550 3709; x_wconf 89' lang='lat' dir='ltr'><strong>homines</strong></span> <span class='ocrx_word' id='word_1_314' title='bbox 567 3655 637 3708; x_wconf 89' lang='lat' dir='ltr'><strong>illius</strong></span> <span class='ocrx_word' id='word_1_315' title='bbox 658 3661 733 3708; x_wconf 89' lang='lat' dir='ltr'><strong>terre</strong></span> <span class='ocrx_word' id='word_1_316' title='bbox 751 3655 882 3709; x_wconf 89' lang='lat' dir='ltr'><strong>dicuntur</strong></span> <span class='ocrx_word' id='word_1_317' title='bbox 899 3654 991 3709; x_wconf 88' lang='lat' dir='ltr'><strong>abdite</strong></span> <span class='ocrx_word' id='word_1_318' title='bbox 1011 3654 1040 3724; x_wconf 84' lang='lat' dir='ltr'><strong>(l.</strong></span> <span class='ocrx_word' id='word_1_319' title='bbox 1059 3653 1195 3723; x_wconf 90' lang='lat' dir='ltr'><strong>abderite)</strong></span> <span class='ocrx_word' id='word_1_320' title='bbox 1214 3655 1280 3708; x_wconf 61' lang='lat' dir='ltr'><strong>Gon*-</strong></span> 
     </span>
     <span class='ocr_line' id='line_1_41' title="bbox 129 3722 1281 3792; baseline 0.003 -16"><span class='ocrx_word' id='word_1_321' title='bbox 129 3726 258 3778; x_wconf 80' lang='lat' dir='ltr'><strong>stantinus</strong></span> <span class='ocrx_word' id='word_1_322' title='bbox 276 3727 398 3778; x_wconf 77' lang='lat' dir='ltr'><strong>Fanensis</strong></span> <span class='ocrx_word' id='word_1_323' title='bbox 416 3729 479 3780; x_wconf 87' lang='lat' dir='ltr'><strong>citat</strong></span> <span class='ocrx_word' id='word_1_324' title='bbox 498 3727 652 3780; x_wconf 84' lang='lat' dir='ltr'><strong>Scholiasten</strong></span> <span class='ocrx_word' id='word_1_325' title='bbox 664 3727 742 3780; x_wconf 85' lang='lat' dir='ltr'><strong>Statii</strong></span> <span class='ocrx_word' id='word_1_326' title='bbox 754 3727 826 3780; x_wconf 77' lang='lat' dir='ltr'><strong>rhet.</strong></span> <span class='ocrx_word' id='word_1_327' title='bbox 838 3726 877 3780; x_wconf 87' lang='lat' dir='ltr'><strong>X.</strong></span> <span class='ocrx_word' id='word_1_328' title='bbox 890 3740 940 3792; x_wconf 85' lang='lat'><strong>793</strong></span> <span class='ocrx_word' id='word_1_329' title='bbox 961 3727 1004 3782; x_wconf 87' lang='lat' dir='ltr'><strong>ubi</strong></span> <span class='ocrx_word' id='word_1_330' title='bbox 1021 3727 1062 3780; x_wconf 84' lang='lat' dir='ltr'><strong>hi&#39;c</strong></span> <span class='ocrx_word' id='word_1_331' title='bbox 1079 3745 1133 3778; x_wconf 87' lang='lat' dir='ltr'><strong>mos</strong></span> <span class='ocrx_word' id='word_1_332' title='bbox 1151 3722 1281 3780; x_wconf 76' lang='lat' dir='ltr'><strong>lustrandi</strong></span> 
     </span>
     <span class='ocr_line' id='line_1_42' title="bbox 128 3795 786 3851; baseline 0.009 -7"><span class='ocrx_word' id='word_1_333' title='bbox 128 3795 258 3849; x_wconf 85' lang='lat' dir='ltr'><strong>ciuitatem</strong></span> <span class='ocrx_word' id='word_1_334' title='bbox 271 3797 385 3850; x_wconf 86' lang='lat' dir='ltr'><strong>humana</strong></span> <span class='ocrx_word' id='word_1_335' title='bbox 398 3797 480 3849; x_wconf 83' lang='lat' dir='ltr'><strong>hostia</strong></span> <span class='ocrx_word' id='word_1_336' title='bbox 494 3795 609 3851; x_wconf 86' lang='lat' dir='ltr'><strong>Gallicus</strong></span> <span class='ocrx_word' id='word_1_337' title='bbox 621 3817 672 3850; x_wconf 86' lang='lat' dir='ltr'><strong>esse</strong></span> <span class='ocrx_word' id='word_1_338' title='bbox 684 3798 786 3851; x_wconf 80' lang='lat' dir='ltr'><strong>dicitur.</strong></span> 
     </span>
    </p>

    <p class='ocr_par' dir='ltr' id='par_1_16' title="bbox 55 3866 1328 4359">
     <span class='ocr_line' id='line_1_43' title="bbox 165 3866 1281 3936; baseline 0.003 -21"><span class='ocrx_word' id='word_1_339' title='bbox 165 3867 227 3930; x_wconf 88' lang='lat'><strong>469.</strong></span> <span class='ocrx_word' id='word_1_340' title='bbox 253 3867 354 3919; x_wconf 84' lang='lat' dir='ltr'><strong>Scholia</strong></span> <span class='ocrx_word' id='word_1_341' title='bbox 378 3877 497 3936; x_wconf 83' lang='lat' dir='ltr'><strong>corrupta</strong></span> <span class='ocrx_word' id='word_1_342' title='bbox 597 3866 732 3936; x_wconf 88' lang='lat' dir='ltr'><strong>Demeus]</strong></span> <span class='ocrx_word' id='word_1_343' title='bbox 758 3868 830 3921; x_wconf 87' lang='lat' dir='ltr'><strong>Num</strong></span> <span class='ocrx_word' id='word_1_344' title='bbox 856 3866 1020 3920; x_wconf 85' lang='lat' dir='ltr'><strong>Deioneusl</strong></span> <span class='ocrx_word' id='word_1_345' title='bbox 1050 3867 1123 3922; x_wconf 85' lang='lat' dir='ltr'><strong>Nam</strong></span> <span class='ocrx_word' id='word_1_346' title='bbox 1148 3867 1281 3920; x_wconf 77' lang='lat' dir='ltr'><strong>Deionides</strong></span> 
     </span>
     <span class='ocr_line' id='line_1_44' title="bbox 130 3935 1280 4009; baseline 0.003 -22"><span class='ocrx_word' id='word_1_347' title='bbox 130 3935 221 4009; x_wconf 74' lang='lat' dir='ltr'><strong>Ouidio</strong></span> <span class='ocrx_word' id='word_1_348' title='bbox 239 3935 278 3991; x_wconf 87' lang='lat' dir='ltr'><strong>M.</strong></span> <span class='ocrx_word' id='word_1_349' title='bbox 298 3938 350 3990; x_wconf 89' lang='lat' dir='ltr'><strong>IX.</strong></span> <span class='ocrx_word' id='word_1_350' title='bbox 369 3956 421 4003; x_wconf 81' lang='lat'><strong>444</strong></span> <span class='ocrx_word' id='word_1_351' title='bbox 440 3939 545 3991; x_wconf 71' lang='lat' dir='ltr'><strong>Mletus</strong></span> <span class='ocrx_word' id='word_1_352' title='bbox 563 3951 619 3993; x_wconf 85' lang='lat' dir='ltr'><strong>est:</strong></span> <span class='ocrx_word' id='word_1_353' title='bbox 649 3938 753 3993; x_wconf 81' lang='lat' dir='ltr'><strong>Miletus</strong></span> <span class='ocrx_word' id='word_1_354' title='bbox 771 3948 857 3993; x_wconf 85' lang='lat' dir='ltr'><strong>autem</strong></span> <span class='ocrx_word' id='word_1_355' title='bbox 876 3950 947 4008; x_wconf 85' lang='lat' dir='ltr'><strong>nepos</strong></span> <span class='ocrx_word' id='word_1_356' title='bbox 960 3939 1105 3992; x_wconf 85' lang='lat' dir='ltr'><strong>Dexithoes.</strong></span> <span class='ocrx_word' id='word_1_357' title='bbox 1124 3941 1157 4006; x_wconf 87' lang='lat' dir='ltr'><strong>cs.</strong></span> <span class='ocrx_word' id='word_1_358' title='bbox 1170 3938 1207 3990; x_wconf 87' lang='lat' dir='ltr'><strong>ad</strong></span> <span class='ocrx_word' id='word_1_359' title='bbox 1218 3951 1280 4002; x_wconf 83' lang='lat'><strong>475.</strong></span> 
     </span>
     <span class='ocr_line' id='line_1_45' title="bbox 130 4005 1328 4076; baseline 0.003 -19"><span class='ocrx_word' id='word_1_360' title='bbox 130 4005 271 4073; x_wconf 90' lang='lat' dir='ltr'><strong>ipomoiG</strong></span> <span class='ocrx_word' id='word_1_361' title='bbox 366 4008 565 4076; x_wconf 55' lang='lat' dir='ltr'><strong>ypomei‘Mure</strong></span> <span class='ocrx_word' id='word_1_362' title='bbox 659 4009 871 4066; x_wconf 83' lang='lat' dir='ltr'><strong>thelelbnMure</strong></span> <span class='ocrx_word' id='word_1_363' title='bbox 969 4009 1136 4061; x_wconf 89' lang='lat' dir='ltr'><strong>uulrninatus</strong></span> <span class='ocrx_word' id='word_1_364' title='bbox 1149 4009 1226 4061; x_wconf 83' lang='lat' dir='ltr'><strong>Mure</strong></span> <span class='ocrx_word' id='word_1_365' title='bbox 1241 4008 1280 4060; x_wconf 88' lang='lat' dir='ltr'><strong>bis</strong></span> <span class='ocrx_word' id='word_1_366' title='bbox 1325 4043 1328 4047; x_wconf 91' lang='lat'><em>-</em></span> 
     </span>
     <span class='ocr_line' id='line_1_46' title="bbox 55 4075 1278 4146; baseline 0.002 -18"><span class='ocrx_word' id='word_1_367' title='bbox 55 4129 58 4134; x_wconf 77' lang='grc'>,</span> <span class='ocrx_word' id='word_1_368' title='bbox 129 4081 247 4145; x_wconf 86' lang='lat' dir='ltr'><strong>excepta</strong></span> <span class='ocrx_word' id='word_1_369' title='bbox 259 4080 319 4129; x_wconf 91' lang='lat' dir='ltr'><strong>tota</strong></span> <span class='ocrx_word' id='word_1_370' title='bbox 330 4075 432 4131; x_wconf 87' lang='lat' dir='ltr'><strong>familia</strong></span> <span class='ocrx_word' id='word_1_371' title='bbox 444 4079 501 4132; x_wconf 90' lang='lat' dir='ltr'><strong>eius</strong></span> <span class='ocrx_word' id='word_1_372' title='bbox 513 4079 626 4134; x_wconf 86' lang='lat' dir='ltr'><strong>dexiroe</strong></span> <span class='ocrx_word' id='word_1_373' title='bbox 639 4081 716 4134; x_wconf 83' lang='lat' dir='ltr'><strong>Mure</strong></span> <span class='ocrx_word' id='word_1_374' title='bbox 804 4078 1017 4132; x_wconf 86' lang='lat' dir='ltr'><strong>dexitoesMure</strong></span> <span class='ocrx_word' id='word_1_375' title='bbox 1105 4075 1278 4146; x_wconf 89' lang='lat' dir='ltr'><strong>pauacurta]</strong></span> 
     </span>
     <span class='ocr_line' id='line_1_47' title="bbox 129 4145 1278 4218; baseline 0.003 -20"><span class='ocrx_word' id='word_1_376' title='bbox 129 4149 174 4200; x_wconf 87' lang='lat' dir='ltr'><strong>An</strong></span> <span class='ocrx_word' id='word_1_377' title='bbox 183 4152 342 4215; x_wconf 85' lang='lat' dir='ltr'><strong>panagyrta,</strong></span> <span class='ocrx_word' id='word_1_378' title='bbox 351 4149 417 4216; x_wconf 85' lang='lat' dir='ltr'><strong>quod</strong></span> <span class='ocrx_word' id='word_1_379' title='bbox 427 4151 488 4202; x_wconf 90' lang='lat' dir='ltr'><strong>coni.</strong></span> <span class='ocrx_word' id='word_1_380' title='bbox 501 4152 534 4203; x_wconf 84' lang='lat' dir='ltr'><strong>lo.</strong></span> <span class='ocrx_word' id='word_1_381' title='bbox 545 4151 742 4205; x_wconf 76' lang='lat' dir='ltr'><strong>Woraswortht</strong></span> <span class='ocrx_word' id='word_1_382' title='bbox 760 4150 832 4203; x_wconf 86' lang='lat' dir='ltr'><strong>Nam</strong></span> <span class='ocrx_word' id='word_1_383' title='bbox 842 4152 1015 4203; x_wconf 82' lang='lat' dir='ltr'><strong>uniuersorum</strong></span> <span class='ocrx_word' id='word_1_384' title='bbox 1024 4150 1135 4217; x_wconf 77' lang='lat' dir='ltr'><strong>deceptor</strong></span> <span class='ocrx_word' id='word_1_385' title='bbox 1145 4145 1278 4218; x_wconf 76' lang='grc' dir='ltr'>(ἀγύρτης)</span> 
     </span>
     <span class='ocr_line' id='line_1_48' title="bbox 129 4219 1279 4291; baseline 0.002 -21"><span class='ocrx_word' id='word_1_386' title='bbox 129 4220 216 4271; x_wconf 84' lang='lat' dir='ltr'><strong>uocari</strong></span> <span class='ocrx_word' id='word_1_387' title='bbox 226 4229 331 4286; x_wconf 85' lang='lat' dir='ltr'><strong>poterat</strong></span> <span class='ocrx_word' id='word_1_388' title='bbox 343 4219 437 4272; x_wconf 86' lang='lat' dir='ltr'><strong>‘l&#39;elchis</strong></span> <span class='ocrx_word' id='word_1_389' title='bbox 450 4240 496 4273; x_wconf 73' lang='lat' dir='ltr'><strong>rex</strong></span> <span class='ocrx_word' id='word_1_390' title='bbox 509 4222 660 4288; x_wconf 72' lang='lat' dir='ltr'><strong>Telchinum,</strong></span> <span class='ocrx_word' id='word_1_391' title='bbox 672 4222 753 4291; x_wconf 84' lang='lat' dir='ltr'><strong>quiin</strong></span> <span class='ocrx_word' id='word_1_392' title='bbox 767 4221 916 4274; x_wconf 87' lang='lat' dir='ltr'><strong>daemonum</strong></span> <span class='ocrx_word' id='word_1_393' title='bbox 928 4238 1031 4274; x_wconf 81' lang='lat' dir='ltr'><strong>numero</strong></span> <span class='ocrx_word' id='word_1_394' title='bbox 1045 4231 1070 4273; x_wconf 85' lang='lat' dir='ltr'><strong>et</strong></span> <span class='ocrx_word' id='word_1_395' title='bbox 1081 4221 1196 4288; x_wconf 84' lang='lat' dir='ltr'><strong>magicas</strong></span> <span class='ocrx_word' id='word_1_396' title='bbox 1208 4230 1279 4272; x_wconf 84' lang='lat' dir='ltr'><strong>artes</strong></span> 
     </span>
     <span class='ocr_line' id='line_1_49' title="bbox 127 4288 1280 4359; baseline 0.003 -19"><span class='ocrx_word' id='word_1_397' title='bbox 127 4307 242 4342; x_wconf 86' lang='lat' dir='ltr'><strong>exercere</strong></span> <span class='ocrx_word' id='word_1_398' title='bbox 256 4288 428 4358; x_wconf 84' lang='lat' dir='ltr'><strong>putabantur.</strong></span> <span class='ocrx_word' id='word_1_399' title='bbox 475 4291 518 4343; x_wconf 87' lang='lat' dir='ltr'><strong>An</strong></span> <span class='ocrx_word' id='word_1_400' title='bbox 536 4292 573 4345; x_wconf 85' lang='lat' dir='ltr'><strong>ad</strong></span> <span class='ocrx_word' id='word_1_401' title='bbox 593 4291 711 4346; x_wconf 85' lang='grc' dir='ltr'>ἀκεῖσθαι</span> <span class='ocrx_word' id='word_1_402' title='bbox 728 4291 885 4359; x_wconf 66' lang='lat' dir='ltr'><strong>resioehdum</strong></span> <span class='ocrx_word' id='word_1_403' title='bbox 903 4310 989 4344; x_wconf 80' lang='lat' dir='ltr'><strong>nomen</strong></span> <span class='ocrx_word' id='word_1_404' title='bbox 1007 4302 1053 4357; x_wconf 85' lang='lat' dir='ltr'><strong>est,</strong></span> <span class='ocrx_word' id='word_1_405' title='bbox 1071 4303 1099 4344; x_wconf 86' lang='lat' dir='ltr'><strong>ut</strong></span> <span class='ocrx_word' id='word_1_406' title='bbox 1119 4289 1280 4359; x_wconf 83' lang='lat' dir='ltr'><strong>intelligatur</strong></span> 
     </span>
    </p>
   </div>
   <div class='ocr_carea' id='block_1_8' title="bbox 130 4358 1366 4431">
    <p class='ocr_par' dir='ltr' id='par_1_17' title="bbox 130 4358 1366 4431">
     <span class='ocr_line' id='line_1_50' title="bbox 130 4358 1366 4431; baseline 0.004 -21"><span class='ocrx_word' id='word_1_407' title='bbox 130 4359 314 4429; x_wconf 73' lang='lat' dir='ltr'><strong>Aesculapius?</strong></span> <span class='ocrx_word' id='word_1_408' title='bbox 331 4361 403 4413; x_wconf 90' lang='lat' dir='ltr'><strong>Nam</strong></span> <span class='ocrx_word' id='word_1_409' title='bbox 415 4364 545 4415; x_wconf 85' lang='lat' dir='ltr'><strong>Panaceia</strong></span> <span class='ocrx_word' id='word_1_410' title='bbox 558 4383 609 4416; x_wconf 86' lang='lat' dir='ltr'><strong>ona</strong></span> <span class='ocrx_word' id='word_1_411' title='bbox 613 4364 672 4430; x_wconf 85' lang='lat' dir='ltr'><strong>fuit</strong></span> <span class='ocrx_word' id='word_1_412' title='bbox 683 4384 714 4416; x_wconf 87' lang='lat' dir='ltr'><strong>ex</strong></span> <span class='ocrx_word' id='word_1_413' title='bbox 717 4360 827 4430; x_wconf 86' lang='lat' dir='ltr'><strong>filiabus</strong></span> <span class='ocrx_word' id='word_1_414' title='bbox 841 4362 987 4431; x_wconf 80' lang='lat' dir='ltr'><strong>Aesculapii</strong></span> <span class='ocrx_word' id='word_1_415' title='bbox 1033 4366 1107 4414; x_wconf 88' lang='lat' dir='ltr'><strong>satus</strong></span> <span class='ocrx_word' id='word_1_416' title='bbox 1117 4358 1279 4430; x_wconf 91' lang='lat' dir='ltr'><strong>Hipponoo]</strong></span> <span class='ocrx_word' id='word_1_417' title='bbox 1362 4410 1366 4415; x_wconf 83' lang='lat'><strong>.</strong></span> 
     </span>
    </p>
   </div>
   <div class='ocr_carea' id='block_1_9' title="bbox 129 4429 1282 4559">
    <p class='ocr_par' dir='ltr' id='par_1_18' title="bbox 129 4429 1282 4559">
     <span class='ocr_line' id='line_1_51' title="bbox 129 4429 1282 4498; baseline 0.005 -16"><span class='ocrx_word' id='word_1_418' title='bbox 129 4429 213 4484; x_wconf 85' lang='lat' dir='ltr'><strong>om.G</strong></span> <span class='ocrx_word' id='word_1_419' title='bbox 291 4431 348 4498; x_wconf 91' lang='lat' dir='ltr'><strong>ipse</strong></span> <span class='ocrx_word' id='word_1_420' title='bbox 366 4436 394 4484; x_wconf 90' lang='lat' dir='ltr'><strong>et</strong></span> <span class='ocrx_word' id='word_1_421' title='bbox 407 4431 534 4486; x_wconf 87' lang='lat' dir='ltr'><strong>iouemG</strong></span> <span class='ocrx_word' id='word_1_422' title='bbox 545 4434 609 4486; x_wconf 85' lang='lat' dir='ltr'><strong>Ask.</strong></span> <span class='ocrx_word' id='word_1_423' title='bbox 688 4432 866 4486; x_wconf 89' lang='lat' dir='ltr'><strong>concubuisse</strong></span> <span class='ocrx_word' id='word_1_424' title='bbox 879 4447 942 4487; x_wconf 86' lang='lat' dir='ltr'><strong>cum</strong></span> <span class='ocrx_word' id='word_1_425' title='bbox 955 4447 988 4485; x_wconf 91' lang='lat' dir='ltr'><strong>ea</strong></span> <span class='ocrx_word' id='word_1_426' title='bbox 1000 4434 1066 4486; x_wconf 76' lang='lat' dir='ltr'><strong>Ast.</strong></span> <span class='ocrx_word' id='word_1_427' title='bbox 1145 4431 1282 4488; x_wconf 85' lang='lat' dir='ltr'><strong>desitosG</strong></span> 
     </span>
     <span class='ocr_line' id='line_1_52' title="bbox 129 4499 580 4559; baseline 0.018 -8"><span class='ocrx_word' id='word_1_428' title='bbox 129 4499 282 4556; x_wconf 68' lang='lat' dir='ltr'><strong>candente</strong></span> <span class='ocrx_word' id='word_1_429' title='bbox 351 4502 535 4556; x_wconf 84' lang='lat' dir='ltr'><strong>Thelchinum</strong></span> <span class='ocrx_word' id='word_1_430' title='bbox 547 4507 580 4559; x_wconf 83' lang='lat' dir='ltr'><strong>P.</strong></span> 
     </span>
    </p>
   </div>
   <div class='ocr_carea' id='block_1_10' title="bbox 694 4589 718 4638">
    <p class='ocr_par' dir='ltr' id='par_1_19' title="bbox 694 4589 718 4638">
     <span class='ocr_line' id='line_1_53' title="bbox 694 4589 718 4638; baseline 0 -34"><span class='ocrx_word' id='word_1_431' title='bbox 694 4589 718 4638; x_wconf 67' lang='lat' dir='ltr'>G</span> 
     </span>
    </p>
   </div>
   <div class='ocr_carea' id='block_1_11' title="bbox 0 0 1568 4980">
    <p class='ocr_par' dir='ltr' id='par_1_20' title="bbox 0 0 1568 4980">
     <span class='ocr_line' id='line_1_54' title="bbox 0 0 1568 4980; baseline 0 1"><span class='ocrx_word' id='word_1_432' title='bbox 0 0 1568 4980; x_wconf 95' lang='lat' dir='ltr'><strong> </strong></span> 
     </span>
    </p>
   </div>
  </div>
 </body>
</html>
