3038 4988
266 390 321 442 ιιι
729 381 953 462 excussus

263 552 291 596 et
305 542 347 610 86,
363 542 394 596 fr.
408 542 453 594 xix
471 540 565 610 Riese,
584 543 639 595 Vin
652 542 759 612 ecfatus
773 548 843 609 erat,
859 559 922 595 cnm
942 558 1017 594 neore
1033 543 1174 595 maiorum
1194 541 1272 595 ultro
1289 557 1412 595 casnares

263 613 316 683 (sic
331 612 436 681 IuniuS,
449 614 577 667 carnales
591 614 678 681 MSS)
692 615 848 683 am'piunt,
860 614 894 666 a'e
901 617 989 683 ponte
1000 615 1032 665 in
1049 613 1170 666 Tiberim
1182 612 1341 666 deturbant.

298 683 345 738 Ad
356 686 425 740 447.
446 686 487 737 Et
507 701 591 754 quae
611 684 817 738 Panthoides
835 683 916 738 fecit
935 684 976 737 de
993 683 1098 737 fratre
1119 683 1283 737 Medusae

484 754 652 808 Eueniant
672 754 776 823 capiti
796 765 875 809 uota
894 753 1032 808 sinistra
1050 763 1115 808 tuo.

300 823 380 878 Nihil
396 824 440 878 his
460 825 588 879 uersibus
604 825 662 878 Ibis
681 825 767 880 habet
783 824 932 879 difficilius.
970 826 1046 878 Nolo
1065 824 1168 878 morari
1188 825 1218 878 in
1237 824 1272 879 iis
1292 841 1364 894 quae
1377 824 1412 878 ad

263 895 461 965 explicandum
474 897 568 950 locum
582 896 758 950 Scholiastae
771 895 928 950 tradidere:
948 895 1021 949 adeo
1040 904 1104 949 sunt
1118 896 1237 950 confusa
1249 905 1278 951 et
1291 894 1413 950 carentia

263 966 456 1021 fundamento.
495 968 571 1021 Sane
592 967 732 1036 Bupalum
755 965 945 1036 Hipponactis
970 975 1065 1021 actum
1090 965 1226 1020 conuiciis
1249 976 1279 1020 ut
1305 982 1336 1020 se
1356 983 1413 1019 sus-

263 1037 368 1107 pendio
380 1046 495 1091 necaret
508 1055 542 1091 ex
556 1037 625 1091 Plin.
640 1037 728 1090 xxxvi.
743 1053 782 1106 12,
796 1036 916 1090 Acronis
927 1037 1020 1090 Schol.
1034 1038 1103 1091 Hor.
1115 1037 1207 1106 Epod.
1219 1037 1244 1092 6.
1258 1051 1291 1104 14
1304 1036 1413 1104 scimus,

263 1107 394 1178 quamuis
406 1125 505 1162 uerum
518 1108 547 1161 id
564 1107 650 1162 fuisse
665 1106 772 1161 Plinius
788 1118 887 1176 neget:
913 1107 964 1162 sed
979 1107 1190 1176 Hipponactem
1210 1107 1305 1176 ipsum
1320 1107 1413 1161 nescio

263 1179 342 1232 cuius
357 1177 515 1232 Penthidae
532 1177 690 1247 opprobriis
709 1189 842 1233 uexatum
860 1179 962 1248 laqueo
979 1178 1068 1233 uitam
1081 1178 1207 1233 finiuisse
1222 1177 1287 1248 quis
1299 1179 1415 1232 credat?

264 1251 357 1304 Immo
372 1248 527 1318 Hipponax
540 1249 640 1318 Pythei
656 1249 729 1302 filius
745 1249 837 1319 potuit
851 1249 986 1318 Pythides
1003 1249 1108 1316 uocari,
1121 1249 1213 1318 potuit
1231 1249 1308 1303 diras
1325 1248 1414 1318 inpre-

263 1319 321 1374 cari
332 1319 417 1374 'alicui
435 1319 513 1374 cuius
531 1336 610 1373 soror
624 1321 746 1374 Medusa
766 1321 811 1374 uel
825 1321 937 1374 Melusa
953 1330 1047 1374 esset:
1068 1320 1119 1374 sed
1137 1321 1208 1374 haec
1228 1319 1268 1374 ita
1286 1320 1414 1374 euenisse

263 1390 310 1445 uix
334 1390 403 1445 satis
428 1400 489 1445 tuto
514 1391 663 1444 confirmes
688 1408 723 1444 ex
747 1390 860 1460 ineptiis
889 1391 1114 1447 scholiastarum.
1164 1391 1286 1445 Codices
1312 1390 1414 1444 habent

262 1461 418 1530 pentides
432 1462 579 1515 GHMPX
591 1463 656 1529 Vat,
674 1461 855 1531 penthides
872 1462 907 1516 de
922 1463 1004 1516 Mure
1020 1478 1084 1514 cum
1097 1463 1157 1529 VF,
1177 1461 1369 1530 pentelides
1382 1463 1413 1529 T,

262 1531 410 1602 pitoides
431 1532 619 1586 Harleianus:
642 1532 682 1586 de
700 1533 803 1586 fratre
823 1534 940 1585 FHMT
959 1532 995 1585 de
1016 1534 1106 1599 Mure,
1126 1532 1298 1602 fraterque
1318 1533 1412 1587 GPX:

263 1603 399 1657 meduse
412 1619 511 1657 omnes
525 1602 634 1670 sinceri,
648 1603 773 1657 meluse
788 1604 876 1671 Harl,
890 1603 1033 1657 medulle
1048 1601 1231 1672 Phillippicus
1245 1603 1323 1671 3360.

299 1674 482 1728 Penthides
501 1674 524 1727 si
544 1691 610 1728 uere
628 1673 763 1728 traditum
782 1684 825 1728 est
844 1673 880 1727 de
899 1690 955 1727 uno
976 1675 1134 1727 Menoeceo
1152 1673 1286 1742 explicari
1305 1673 1414 1742 poterit.

264 1743 321 1798 Hic
334 1744 410 1798 enim
424 1744 496 1798 filius
508 1744 613 1811 Oclasi,
626 1761 715 1813 nepos
729 1744 848 1799 Penthei
861 1743 912 1798 fuit
923 1744 1029 1811 (Schol.
1041 1745 1147 1798 Phoen.
1157 1742 1230 1814 942),
1244 1761 1308 1798 sese
1321 1755 1414 1799 autem

262 1831 314 1884 pro
327 1815 419 1885 patria
431 1815 546 1870 deuouit
559 1825 587 1870 et
601 1815 636 1869 de
653 1814 740 1868 muris
754 1815 917 1869 Thebarum
934 1814 1139 1884 praecipitauit.
1178 1817 1281 1884 Neque
1299 1815 1329 1868 id
1347 1833 1414 1870 sane

263 1903 280 1941 a
294 1886 382 1941 Curtii
399 1897 489 1940 morte
504 1888 575 1953 (443,
588 1885 616 1953 4)
630 1902 722 1955 neque
735 1903 753 1940 a
765 1885 917 1941 deuotione
934 1885 995 1940 auis
1011 1885 1100 1940 Ibidis
1114 1885 1260 1955 (449-450)
1275 1886 1414 1953 abhorret,

224 2002 226 2005 .
262 1973 315 2010 nec
332 1957 454 2028 denique
468 1974 485 2012 a
500 1956 644 2012 mentione
658 1958 831 2026 Spartorum.
870 1958 952 2012 Haec
964 1955 1040 2012 enim
1055 1958 1228 2013 Menoeceus
1247 1956 1283 2013 de
1300 1973 1331 2013 se
1349 1957 1413 2011 dicit

263 2029 369 2084 Phoen.
386 2028 462 2084 1006.

475 2099 520 2152 Md
538 2099 583 2153 τὸν
600 2096 655 2168 μετ’
667 2097 772 2166 ὅστρων
789 2095 847 2166 Ζῆν’
859 2096 926 2169 ''qu
945 2120 974 2153 τε
992 2095 1094 2168 φοίνιον

468 2167 518 2226 ‘Os
536 2170 595 2224 roris
612 2169 810 2238 ὑπερτείλαντας
827 2171 856 2223 ἐκ
873 2171 948 2240 γαίας
964 2169 1027 2224 ποτὲ

476 2241 631 2329 Σπαρτοὺς
648 2240 777 2295 ἄνακτας
794 2241 875 2308 τῆσδε
892 2243 940 2311 γῆς
958 2238 1092 2311 ἱδρύσατο.

460 2310 541 2364 ·Ἀλλ
562 2307 613 2380 εἶμι
632 2312 673 2364 καὶ
692 2312 756 2367 στὰς
773 2311 804 2379 ἐξ
822 2312 954 2381 ἐπάλξεων
972 2313 1056 2379 ἄκρων

475 2382 581 2452 Σφάξας
599 2382 708 2449 ἐμαυτὸν
727 2383 822 2448 σηκὸν
840 2382 870 2437 ἒς
887 2381 1069 2452 μελαμβαθῆ

475 2454 656 2523 Δράκοντος,
674 2451 751 2506 ἕνθίἱ
769 2453 858 2520 μάντις
875 2452 1032 2522 ἐξηγήσατο,

473 2523 659 2592 Ἐλευθερώσω
677 2526 761 2592 γαῖαν.
785 2522 881 2594 εἴρηται
898 2526 988 2594 λόγος.

475 2594 571 2664 Στείχω
589 2594 617 2648 δὲ
636 2594 745 2648 θανάτου
764 2594 847 2660 δῶρον
866 2594 911 2648 οὐκ
929 2595 1040 2666 αἰσχρὸν
1057 2596 1134 2649 πόλει

475 2667 582 2733 Δώσων,
602 2667 681 2718 νόσου
700 2665 728 2719 δὲ
747 2663 815 2734 τήνδ’
827 2665 970 2734 ἀπαλλάξω
988 2665 1077 2737 χθόνα.

475 2737 511 2790 EI
528 2737 586 2807 γὰρ
605 2737 710 2798 λαβὼν
727 2735 858 2792 ἕκαστος
876 2735 899 2805 ὅ,
918 2759 946 2791 τι
965 2736 1088 2792 δύναιτό
1107 2758 1153 2792 τις

423 2852 430 2856 ,
474 2811 616 2878 Χρηστὸν
635 2804 755 2860 διέλθοι
773 2811 873 2873 τοῦτο,
891 2807 952 2862 κεῖς
969 2811 1069 2863 κοινὸν
1087 2808 1179 2877 φέροι

474 2878 614 2949 Πατρίδι,
633 2882 715 2930 κακῶν
732 2877 763 2931 ἂν
781 2879 807 2931 αἶ
825 2881 914 2933 πόλεις
932 2879 1086 2934 ἐλασσόνων

474 2952 633 3019 Πειρώμεναι
651 2950 681 3001 τὸ
699 2950 791 3002 λοιπὸν
810 2950 941 3020 εὐτυχοῖεν
958 2949 997 3004 ὅν.

263 3029 306 3084 Cf.
321 3030 397 3098 Hyg.
409 3028 443 3094 67
457 3029 649 3099 interrogatas
664 3029 788 3082 Tiresias
802 3029 875 3098 qnid
887 3030 930 3082 ita
947 3029 1052 3083 Thebae
1067 3035 1243 3084 uererentur
1255 3032 1415 3102 respondet·

250 3102 289 3154 si
308 3103 372 3169 quis
392 3117 429 3153 en
452 3099 637 3154 Dracontio
658 3115 781 3168 genere
802 3110 998 3168 superesset
1018 3107 1047 3155 et
1064 3105 1121 3171 pro
1140 3103 1243 3171 patria
1264 3104 1415 3156 interiisset

257 3172 421 3241 pestilentia
442 3171 636 3226 liberatarum.
686 3169 713 3222 T
710 3187 758 3223 nm
779 3172 943 3224 Menoeceus
967 3172 1091 3225 locastae
1110 3175 1198 3242 pater
1216 3189 1245 3226 se
1268 3175 1302 3227 de
1326 3174 1415 3227 tnnn's

282 3245 358 3296 raeci
376 3244 470 3296 itanz't.

259 3246 282 3312 p
300 3247 401 3383 Neciite
415 3329 431 3367 a
446 3312 594 3366 Menoecei
611 3313 707 3367 fabula
722 3311 861 3367 dissident
875 3329 947 3382 quae
960 3322 1093 3368 secuntur
1106 3312 1129 3366 si
1143 3330 1207 3367 cum
1222 3314 1352 3368 Galeano
1366 3312 1413 3381 (G)

262 3384 364 3453 legeris
384 3384 554 3453 fraterque
574 3383 743 3438 Medusae.
783 3386 860 3438 Nam
874 3384 997 3452 Polybus
1011 3383 1057 3454 qui
1073 3383 1214 3453 Oedipum
1228 3401 1281 3465 pro
1295 3385 1414 3438 filiosuo

263 3455 331 3509 aluit
344 3464 416 3508 teste
431 3453 594 3522 Pherecyde
607 3471 653 3524 ap.
664 3455 758 3508 Schol.
770 3455 855 3523 Soph.
869 3456 903 3507 O.
912 3456 944 3508 T.
957 3456 1007 3522 785
1021 3471 1136 3508 uxorem
1149 3455 1248 3509 habuit
1263 3456 1413 3509 Medusam

263 3524 413 3593 Orsilochi,
432 3524 525 3577 fratris
545 3524 596 3591 sui,
616 3526 710 3580 filiam.
750 3525 842 3579 Huius
864 3524 948 3593 igitur
967 3525 1066 3593 Polybi
1086 3535 1178 3590 natus,
1196 3535 1227 3579 ut
1249 3525 1414 3591 habebatur,

264 3595 400 3664 OedipuS,
415 3594 595 3649 Orsilochum
612 3606 751 3664 patruum,
765 3595 905 3650 Orsilochi
924 3595 1010 3650 filiam
1027 3597 1183 3665 patruelem
1200 3595 1319 3663 habuit3
1340 3596 1414 3650 unde

254 3667 356 3737 stater
362 3666 499 3718 Medusae
508 3665 563 3719 dici
576 3667 674 3734 potuit.
702 3666 858 3735 Oedipodis
872 3675 967 3720 autem
980 3673 1048 3720 nata
1059 3669 1178 3720 sinistra
1188 3683 1223 3720 ea
1232 3666 1301 3721 dicit
1315 3667 1414 3737 quibus

264 3736 425 3804 inprecatus
446 3745 489 3789 est
512 3735 574 3789 filiis
598 3737 708 3792 Eteocli
730 3748 757 3792 et
778 3737 904 3806 Polynici
926 3747 956 3791 ut
978 3754 1096 3806 regnum
1115 3737 1278 3792 Thebarum
1300 3737 1415 3792 ensibus

263 3807 433 3877 partirentur
446 3806 567 3872 (Phoen.
577 3807 620 3874 68,
634 3809 693 3877 765,
707 3808 767 3877 876,
784 3809 869 3877 1053).

300 3878 384 3947 Quod
403 3876 426 3931 si
446 3877 509 3947 quis
525 3877 630 3933 obiciat
648 3897 705 3932 non
722 3880 795 3934 bene
812 3878 943 3948 coniungi
962 3887 1030 3932 uota
1044 3877 1192 3933 Menoecei
1210 3895 1241 3933 se
1258 3895 1310 3947 pro
1325 3878 1416 3948 patria

264 3947 440 4017 deuouentis,
463 3948 620 4018 Oedipodis
646 3950 709 4004 filiis
735 3950 916 4019 imprecantis
938 3949 1095 4018 dissidium,
1118 3948 1222 4018 scripto
1246 3949 1416 4004 Pitthides

264 4021 328 4075 huic
341 4020 410 4075 uitio
423 4020 590 4075 medebitur.
626 4023 702 4075 Nam
716 4023 843 4076 Theseus
856 4021 945 4090 Aegei
959 4031 986 4075 et
1000 4022 1124 4075 Aethrae
1139 4019 1242 4074 Pitthei
1255 4019 1330 4075 filiae
1344 4020 1415 4074 filius

265 4092 354 4162 (Hyg.
371 4092 413 4160 14)
433 4109 498 4145 cum
520 4092 545 4146 ei
568 4097 625 4146 tres
642 4095 797 4163 optationes
814 4093 968 4162 Neptunus
987 4092 1112 4159 dedz'sset,
1135 4093 1248 4161 optauit
1267 4093 1415 4145 interitum

262 4165 418 4249 Hippolyti
431 4164 502 4231 filii,
523 4181 590 4248 cnm·
611 4165 637 4216 is
655 4166 904 4248 patn‘suspuenus
926 4168 995 4246 esset
1017 4163 1051 4216 de
1065 4179 1215 4244 nouerca·
1244 4178 1300 4243 qno
1321 4165 1416 4233 optata

262 4232 1414 4375 stererant-naas{riteh,Its-1tratasaaa

263 4376 301 4430 ad
321 4378 363 4431 Ib.
385 4389 444 4445 577.
482 4379 584 4446 Neque
609 4375 677 4429 illud
702 4375 891 4429 omittendum
913 4375 1032 4443 uidetur,
1056 4374 1199 4444 Oedipum
1218 4391 1236 4428 a
1256 4373 1415 4427 Scholiasta

262 4449 333 4501 Ven.
350 4448 382 4502 ΙΙ.
396 4447 431 4502 iv.
445 4448 497 4514 376
513 4456 624 4501 mortua
638 4448 751 4501 Iocasta
769 4463 833 4500 cum
848 4447 1070 4514 Astymedusam
1086 4445 1219 4513 duxisset,
1232 4445 1304 4499 haec
1319 4455 1414 4499 autern

262 4516 407 4586 priuignos
429 4534 495 4571 suos
518 4526 663 4572 accusaret
682 4527 828 4587 tamquam
847 4534 878 4572 se
897 4525 1092 4587 temptassent,
1112 4516 1141 4570 id
1164 4515 1339 4586 inprecatam
1359 4513 1413 4569 dici
