3082 4980
554 379 879 442 PROLEGOMENA.
1249 381 1301 442 lvii

55 532 58 537 ’
146 535 247 596 omnia
271 552 360 614 quam
384 533 609 612 relligiosissime
630 534 777 613 descripsi,
793 534 936 613 'quamuis
958 534 1033 596 adeo
1054 534 1173 594 minutis
1196 534 1297 596 litteris

145 627 263 678 exarata
284 627 381 677 essent
403 626 436 677 ut
459 618 515 677 nisi
540 618 695 676 adiuuante
720 618 795 676 uitro
820 618 878 694 legi
898 635 960 676 non
981 626 1110 694 possent.
1153 616 1233 676 Turn
1258 637 1295 676 ex

146 700 248 759 codice
262 698 436 775 Phillippico
455 701 540 775 1796,
556 700 605 776 991
626 716 701 758 9999.
716 699 765 757 xiii
785 699 833 759 uel
851 699 898 757 xiv
914 699 1035 776 scriptus
1052 708 1104 770 est,
1119 698 1297 759 scholiorum

145 782 304 839 maximam
321 791 433 857 partem
454 780 602 856 desumpsi
613 799 622 852 3
644 780 792 852 nonnulla,
814 781 868 840 sed
888 782 1010 857 parcius,
1032 799 1069 840 ex
1084 779 1294 839 Holkhamico.

147 861 232 934 Quae
253 860 412 921 Merkelius
433 861 524 921 edidit
545 880 583 921 ex
604 860 782 934 Askeuiano,
804 862 908 921 eadem
932 863 962 921 in
986 862 1088 922 codice
1110 864 1150 920 66
1171 860 1295 938 Collegii

146 944 288 1020 Corporis
312 941 419 1002 Christi
441 943 520 1021 apud
542 961 598 1003 nos
622 952 745 1016 extant;
775 943 854 1002 unde
878 942 990 1003 collatis
1016 944 1144 1020 utrisque
1168 943 1296 1019 speciem

147 1034 268 1087 conatus
282 1041 347 1083 sum
361 1026 555 1101 redintegrare
569 1025 686 1101 qualem
700 1025 857 1101 antiquitus
871 1024 961 1084 luisse
975 1024 1110 1085 credibile
1125 1034 1176 1084 est.
1208 1024 1297 1083 Aliud

147 1106 306 1166 subsidium
327 1106 417 1165 adfuit
438 1107 508 1165 mihi
523 1105 727 1183 Repertorium
743 1105 963 1167 Vocabulorum
980 1105 1109 1166 Conradi
1131 1108 1168 1166 de
1190 1104 1275 1164 Mure
1285 1125 1295 1178 ;

147 1205 206 1265 quo
220 1187 292 1246 nihil
306 1185 394 1247 habui
409 1188 504 1247 utilius
519 1188 580 1247 siue
597 1187 628 1246 in
642 1189 770 1246 carmine
788 1187 1030 1265 recognoscendo
1049 1189 1110 1247 siue
1124 1189 1156 1246 in
1170 1187 1296 1246 scholiis.

146 1268 253 1346 Neque
272 1268 317 1328 his
335 1279 491 1328 contentus
510 1287 546 1328 ex
564 1267 705 1328 Italorum
723 1270 946 1340 commentariis,
967 1268 1066 1346 quales
1086 1286 1162 1328 saec.
1181 1288 1219 1328 xv
1235 1286 1296 1327 non

145 1351 231 1427 pauci
257 1350 289 1408 in
320 1351 502 1410 bibliothecis
529 1351 717 1427 reperiuntur,
745 1351 842 1428 aliqua
868 1351 899 1409 in
931 1352 1032 1410 itinere
1059 1350 1192 1426 excerpsi
1220 1368 1300 1426 quae

146 1431 277 1491 obscuris
294 1431 391 1491 lucem
404 1432 534 1491 adlatura
551 1433 716 1492 uiderentur
724 1452 733 1506 ;
762 1432 917 1510 praecipue
936 1451 973 1495 ex
987 1433 1129 1491 Patauino
1146 1431 1249 1492 codice
1268 1441 1298 1490 et

146 1523 282 1590 quattuor
294 1513 454 1573 Vaticanis.

188 1595 306 1653 Horum
322 1596 371 1672 qui
386 1596 465 1672 prior
478 1604 522 1655 est
536 1603 630 1654 aetate
645 1593 683 1668 G,
697 1594 808 1655 scholia
825 1595 997 1672 plerumque
1011 1595 1127 1654 breuius
1140 1594 1298 1671 aeriusque

147 1675 264 1735 exhibet
286 1678 396 1749 ceteris,
416 1677 472 1737 nisi
493 1677 573 1754 quod
594 1677 738 1735 interdum
760 1677 799 1736 ad
819 1678 970 1736 ueritatem
991 1677 1110 1752 propius
1128 1676 1152 1734 P
1167 1685 1196 1735 et
1210 1675 1296 1736 Mure

83 1832 85 1837 Β
146 1758 298 1819 accedunt.
327 1757 406 1817 Nam
421 1757 514 1830 Mure,
530 1776 709 1836 quamquam
724 1757 929 1835 Repertorium
943 1775 1029 1817 suum
1043 1776 1123 1817 anno
1138 1772 1214 1833 1973
1230 1776 1296 1833 per-

147 1839 222 1909 fecit,
244 1839 392 1898 codicibus
420 1840 534 1900 uidetur
561 1857 632 1900 usus
659 1841 806 1916 perbonis,
827 1840 949 1899 19119999
977 1841 1065 1899 etiarn
1087 1839 1297 1916 antiquioribus

145 1939 234 1998 quarn
248 1939 326 1980 nunc
342 1922 456 1980 utimur.
499 1920 623 1981 Constat
641 1932 718 1981 certe
737 1939 882 2000 nusquam
900 1921 1070 1981 sinceriores
1091 1922 1209 1980 codices
1223 1922 1293 1979 exti-

147 2007 216 2062 tisse
231 2020 319 2079 quam
334 2002 413 2079 apud
426 2001 589 2074 Heluetios,
604 2003 697 2079 qualis
711 2003 758 2062 hic
773 2003 927 2063 Conradus
942 2004 979 2062 de
994 2002 1080 2062 Mure
1094 2002 1160 2074 luit3
1183 2020 1251 2060 nam
1266 2002 1296 2060 in

147 2085 241 2161 prima
254 2085 362 2160 pagina
372 2084 534 2162 Repertorii
544 2086 714 2145 doctissriaus
723 2086 870 2144 laterarum
880 2091 990 2144 amator
1000 2087 1132 2162 magriter
1144 2079 1297 2144 Corradus

151 2165 310 2225 Turr'ccnszs
322 2168 448 2224 ecclcsiae
464 2166 572 2227 Cantor
589 2166 699 2227 dicitur.
742 2166 816 2226 Aliis
837 2168 868 2224 in
886 2166 959 2226 locis
973 2166 997 2224 P
1010 2184 1080 2225 uera
1099 2176 1148 2224 aut
1167 2166 1245 2225 solus
1260 2184 1296 2223 ex

116 2303 125 2308 .
148 2247 254 2308 nostris
266 2248 398 2318 seruauit,
408 2257 440 2306 91
453 2262 519 2322 259,
531 2262 599 2323 379,
609 2256 659 2305 991
669 2248 788 2325 optime,
798 2258 830 2307 ut
841 2249 877 2308 de
888 2247 1027 2307 Leucone
1040 2248 1297 2323 319,19Α1919119

149 2328 272 2387 Hermia
283 2347 350 2404 319,
366 2330 402 2388 de
418 2329 520 2388 Seruio
534 2339 563 2388 et
574 2329 671 2386 Tullia
682 2333 749 2404 364,
762 2331 798 2390 19
813 2330 916 2407 legatis
929 2331 967 2391 ab
977 2328 1143 2388 Hannibale
1158 2329 1298 2388 coniectis

148 2410 178 2468 in
199 2419 320 2487 puteum
342 2414 410 2485 389,
432 2411 469 2469 de
488 2411 641 2470 Procruste
663 2411 722 2470 filio
744 2411 952 2490 Polypemonis
973 2425 1043 2485 497,
1060 2411 1097 2470 19
1119 2411 1299 2470 Menedemo

150 2505 217 2566 451,
230 2506 289 2567 459
301 2493 350 2551 uhi
365 2510 476 2551 nomen
486 2491 696 2568 Hippukekores
709 2493 739 2551 in
754 2493 809 2552 hoc
824 2511 884 2553 uno
898 2502 988 2564 extat,
998 2496 1057 2567 463
1074 2493 1110 2552 19
1124 2492 1298 2551 Abantiade.

148 2571 193 2645 Et,
215 2574 297 2649 quod
317 2574 436 2646 mireris,
459 2592 606 2651 nusquam
626 2574 657 2632 in
674 2573 698 2631 P
718 2576 844 2651 reperias
866 2576 949 2634 fictos
970 2593 1073 2634 uersus
1095 2572 1171 2635 Galli
1189 2572 1300 2632 Tibulli

149 2655 291 2731 Propertii
313 2665 367 2714 etc.
390 2656 440 2732 qui
461 2655 492 2714 in
511 2656 615 2715 ceteris
637 2656 776 2716 omnibus
799 2657 958 2728 codicibus,
978 2657 1028 2715 ubi
1049 2657 1162 2732 integra
1187 2655 1298 2714 scholia

149 2746 263 2795 seruata
283 2746 359 2807 sunt,
381 2747 481 2796 extant
505 2755 567 2796 non
588 2737 683 2815 pauci,
704 2737 775 2796 olim
800 2747 898 2798 autem
919 2756 956 2796 ne
978 2757 995 2797 a
1016 2737 1158 2796 Bernensi
1179 2737 1297 2813 quidem

148 2817 276 2878 aberant.

189 2898 268 2957 Nam
283 2909 351 2957 ante
365 2917 460 2962 annos
475 2899 666 2976 quadraginta
683 2903 798 2960 extabat
817 2901 913 2960 adhuc
926 2900 957 2959 in
970 2900 1145 2960 bibliotheca
1158 2899 1300 2958 Bernensi

150 2980 244 3039 codex
265 2982 506 3040 membranaceus
528 2999 604 3040 saec.
625 2983 654 3039 xi
675 2981 788 3058 integra
811 2982 927 3044 Scholia
948 2983 1103 3041 continens
1124 2999 1218 3058 usque
1237 2999 1255 3038 a
1271 3000 1299 3040 9.

153 3075 209 3136 175
231 3059 369 3138 Sisyphus
392 3063 522 3121 estillic.
564 3062 662 3121 Huius
687 3064 880 3140 apographon
904 3063 1011 3122 1999191
1033 3062 1073 3122 Η.
1095 3062 1208 3121 Keilius
1232 3072 1299 3120 ante

149 3153 260 3202 annum
286 3146 372 3218 1854,
395 3143 473 3203 unde
498 3145 640 3202 nonnulla
663 3143 816 3221 descripsit
841 3144 999 3204 Merkelius
1023 3145 1054 3202 in
1077 3144 1122 3203 ed.
1149 3142 1296 3219 Apollonii

150 3224 258 3283 Rhodii
276 3243 351 3302 quae
371 3243 407 3284 eo
429 3244 509 3285 anno
526 3226 641 3303 prodiit.
684 3226 769 3287 Haec
790 3238 819 3285 et
839 3227 939 3286 breuia
960 3226 1106 3303 quaedam
1126 3242 1202 3300 quae
1221 3224 1299 3284 idern

48 3348 49 3352 ,
150 3305 308 3365 Merkelius
319 3325 337 3365 a
347 3324 377 3365 se
388 3316 504 3366 enotata
518 3307 557 3366 ad
570 3326 618 3366 me
632 3309 717 3380 misit,
729 3309 798 3367 satis
810 3307 1009 3369 demonstrant
1023 3308 1158 3366 codicem
1169 3324 1187 3364 a
1197 3307 1299 3365 ceteris

150 3405 212 3446 non
234 3388 323 3464 longe
346 3388 548 3466 discrepasse:
577 3390 640 3466 ipse
663 3390 766 3462 codex,
789 3399 860 3449 teste
886 3387 1015 3467 Hageno
1037 3390 1068 3447 in
1089 3387 1181 3448 Catal.
1203 3387 1299 3447 Codd.

150 3468 235 3527 Bern.
250 3488 279 3546 p.
295 3484 365 3543 512,
379 3470 467 3530 hodie
486 3470 651 3547 deperditus
668 3472 755 3544 latet;
781 3489 835 3530 nec
850 3481 980 3547 superest
995 3471 1082 3529 Keilii
1096 3469 1299 3547 apographon.

149 3549 250 3609 Vnum
265 3561 364 3610 tarnen
378 3562 498 3611 testatus
512 3561 606 3611 estex
621 3554 763 3612 memoria
777 3552 944 3626 Merkelius‚
956 3553 1169 3614 Callimachum
1184 3552 1300 3629 saepius

150 3631 190 3690 ibi
204 3633 323 3691 citatum
337 3633 425 3692 191999
440 3651 528 3710 quarn
542 3635 573 3692 in
588 3634 766 3694 Askeuiano.

190 3713 240 3773 Ad
261 3733 288 3773 u.
312 3733 370 3790 319
393 3714 456 3773 Aut
475 3715 679 3787 armamitres,
702 3717 752 3775 ubi
775 3725 869 3775 totum
892 3716 1026 3775 scholion
1051 3736 1088 3776 ex
1111 3715 1198 3775 Bern.
1221 3724 1301 3774 extat

151 3794 337 3871 descriptum,
352 3795 446 3855 isdem
460 3796 519 3856 1919
533 3797 629 3864 uerbis
648 3808 824 3874 conceptum
838 3807 882 3857 est
896 3798 1005 3875 vquibus
1024 3798 1251 3874 Saluagnianum
1271 3807 1301 3856 et

151 3875 196 3934 ed.
214 3876 302 3936 Paris.
322 3891 408 3952 1573,
428 3878 481 3937 991
500 3878 606 3938 additis
626 3888 658 3937 ut
678 3879 709 3937 in
730 3879 775 3937 ed.
795 3878 859 3937 Par.
881 3880 1076 3956 suppositiciis
1096 3880 1229 3938 uersibus
1251 3879 1300 3955 qui

151 3959 257 4017 absunt
271 3976 289 4016 a
304 3958 440 4035 Saluagn.
476 3958 589 4031 Rursus
604 3960 642 4019 ad
658 3980 716 4036 329
730 3959 794 4019 Aut
806 3967 839 4018 ut
849 3960 1039 4019 Amastriacis
1055 3960 1193 4019 conuenit
1208 3959 1300 4019 schol.

151 4039 237 4098 Bern.
255 4039 450 4116 Saluagniano
468 4051 497 4100 et
513 4042 559 4100 ed.
574 4041 671 4114 Paris,
688 4059 789 4100 uersus
803 4041 972 4099 Fanoxsr'no
989 4042 1094 4100 tribuit.
1136 4040 1248 4099 Rursus
1269 4041 1300 4098 in

153 4138 209 4195 331
223 4139 291 4179 curn
303 4121 501 4197 Saluagniano
516 4132 544 4181 et
557 4122 601 4181 ed.
615 4123 704 4191 Paris.
729 4120 939 4183 Callimachum
950 4123 1018 4182 lacit
1029 4132 1177 4181 auctorem
1187 4121 1301 4181 fabulae

152 4203 189 4260 de
197 4201 413 4279 Eurydamante
422 4203 577 4263 Thessalo.
598 4203 734 4281 Denique
744 4204 850 4280 91379
860 4204 994 4263 91199191
1003 4204 1074 4263 ο1119
1083 4203 1186 4262 991919
1195 4204 1301 4280 scripta

152 4283 240 4344 luisse
257 4285 288 4342 in
304 4284 390 4343 Bern.
405 4303 480 4362 quae
501 4304 580 4345 nunc
600 4285 736 4361 leguntur
757 4303 819 4344 non
840 4285 936 4345 solum
957 4287 988 4344 in
1008 4286 1085 4346 Salu.
1103 4295 1131 4344 et
1152 4284 1196 4343 ed.
1211 4285 1300 4345 Paris.

151 4363 205 4432 sed
220 4365 308 4424 etiam
327 4367 357 4424 in
372 4366 404 4424 P.
442 4367 500 4427 Sed
522 4376 551 4426 et
571 4368 609 4426 ad
626 4370 692 4438 281,
710 4370 776 4440 284,
795 4370 861 4440 285,
877 4386 933 4441 321
955 4367 992 4426 ad
1008 4367 1084 4427 Salu.
1099 4367 1232 4444 proxime
1253 4386 1301 4426 ac-

152 4448 273 4508 cessisse
294 4447 438 4526 colligitur
457 4467 494 4509 ex
508 4449 678 4527 fragmentis
692 4466 767 4525 quae
787 4451 915 4515 enotauit
930 4449 1096 4511 Merkelius.
1139 4448 1249 4532 Contra
1263 4449 1302 4508 ad
