3038 4988
258 404 314 459 134
656 395 1003 455 COMMENTARIVS.

254 553 284 620 ἐξ
296 552 388 620 ἀνδρὸς
400 553 440 606 ml
452 550 546 622 ταύρου
558 552 720 622 μεμιγμένης.
807 554 878 605 409.
896 555 1003 606 trabes
1015 567 1147 615 pressas.
1188 550 1411 619 Pityocamptes,

255 642 340 695 quem
354 623 509 677 Pausanias
523 623 549 678 ii.
567 639 587 678 1.
601 638 626 691 4,
646 622 789 676 Diodorus
802 622 836 676 iv.
853 635 896 691 59.
911 637 936 689 3,
955 623 1120 676 Plutarchus
1138 622 1224 675 Thes.
1240 621 1297 689 viii,
1317 622 1410 674 Schol.

256 695 372 765 Hippol.
394 707 454 763 977,
474 694 604 762 Apollod.
626 693 663 747 iii.
689 694 726 747 16.
751 709 772 760 1,
796 696 877 762 Prop.
898 693 934 746 iii.
955 708 996 746 22.
1015 706 1057 760 37,
1081 693 1141 761 ipse
1166 692 1289 745 Ouidius
1311 694 1352 745 M.
1366 691 1408 744 vii.

255 780 388 833 440-442,
402 764 523 819 eundem
540 781 604 818 curn
624 764 722 818 Sinide
739 763 853 818 iaciunt.
893 766 965 817 Cum
980 763 1117 832 scriptore
1137 763 1228 816 Ibidis
1249 762 1411 816 consentire

256 836 387 893 uidentur
402 836 533 904 Hyginus
542 837 584 902 38,
600 836 729 895 Eustath.
743 836 799 902 158,
815 836 888 903 Hyg.
900 835 934 901 38
947 835 1160 903 Pityocampten
1172 835 1309 902 Neptuni
1310 834 1410 903 filium

254 910 307 977 qui
316 909 373 960 iter
378 907 542 976 gradientes
553 906 665 976 cogebat
681 911 714 958 ut
731 922 822 958 secum
841 906 967 958 arborem
975 909 1080 973 penum
1093 906 1134 958 ad
1143 910 1251 957 terram
1254 905 1410 973 flecterent,

253 993 341 1047 qnam
362 979 415 1047 qui
430 993 493 1029 cum
512 993 542 1030 eo
581 977 719 1044 renderat‚
741 977 790 1029 ille
808 994 870 1028 eam
892 975 1002 1028 uiribus
1020 978 1134 1028 missam
1146 975 1294 1043 faciebat:
1313 977 1357 1028 ita
1375 975 1414 1027 ad

254 1056 362 1102 terram
378 1049 514 1116 grauiter
530 1047 687 1100 eidebotur
703 1052 731 1099 et
746 1047 865 1116 peribat.
949 1049 1016 1100 410.
1035 1050 1132 1100 huius
1148 1051 1180 1099 et
1196 1049 1295 1098 huius
1312 1061 1411 1109 aquae

255 1118 333 1172 sinus
354 1117 526 1171 Corinthiaci
545 1127 573 1170 et
593 1116 728 1170 Saronici.
768 1118 832 1170 Sen.
847 1118 917 1184 Thy.
936 1132 980 1169 111
1000 1117 1205 1186 Quifluctibus
1225 1115 1328 1169 Illinc
1343 1120 1410 1186 pro-

249 1190 371 1259 pinquis
389 1188 511 1242 Isthmos
528 1193 612 1256 atque
634 1187 727 1241 illinc
739 1188 851 1257 fremit.
891 1189 964 1240 Flor.
978 1187 1004 1241 ii.
1022 1188 1060 1241 16.
1078 1203 1087 1240 1
1110 1186 1266 1241 Corinthus
1282 1186 1411 1239 Achaiae

254 1264 347 1328 caput,
363 1259 495 1312 Graeciae
511 1259 599 1326 decus,
618 1259 764 1312 interduo
780 1259 881 1326 urana,
894 1259 1008 1310 Iom'um
1024 1264 1052 1311 et
1063 1258 1218 1327 Aegaeum,
1235 1260 1324 1326 quasi
1339 1261 1410 1326 spec-

254 1330 349 1384 taeulo
366 1330 499 1400 exposita.
539 1330 606 1382 Her.
621 1329 655 1383 iv.
673 1342 730 1397 105,
743 1329 768 1396 6,
789 1330 858 1382 Met.
872 1328 917 1382 vii.
931 1341 982 1396 405
1002 1329 1136 1381 lunarem
1155 1327 1291 1381 Isthmon.
1327 1329 1409 1397 Prop.

254 1399 292 1454 iii.
308 1398 367 1469 (ἰν.)
380 1415 422 1454 21.
437 1415 470 1452 22
483 1399 604 1452 Istlzmos
615 1415 673 1468 qua
684 1402 769 1452 terris
786 1405 862 1452 arcet
879 1405 1031 1468 utrumque
1043 1415 1129 1466 errare,
1142 1398 1179 1451 ad
1193 1415 1279 1467 quem
1297 1415 1411 1452 uersum

177 1497 181 1509 =
255 1470 351 1525 omnia
364 1470 506 1538 congessit
521 1470 704 1524 Passeratius.
759 1473 821 1523 411.
840 1472 934 1523 (teres
947 1472 1029 1523 uidit
1040 1474 1124 1523 laeto
1136 1473 1304 1533 pereuntia
1316 1473 1412 1523 uultu

256 1545 395 1606 corpora
406 1540 558 1609 Cercyonis
569 1540 616 1610 qui
628 1540 763 1594 Eleusina
773 1541 910 1594 adeuntes
922 1540 1081 1593 infestabat.
1106 1543 1145 1594 M.
1153 1540 1413 1609 vii.439Cercyom's

253 1615 341 1667 letum
355 1613 430 1665 uidit
443 1613 565 1666 Cerealis
576 1612 704 1666 Eleusin.
776 1615 844 1664 412.
862 1614 1004 1675 Corpora
1016 1628 1125 1679 corpus,
1139 1620 1168 1664 ut
1182 1610 1253 1664 alias
1266 1628 1326 1663 non
1340 1627 1411 1663 raro.

256 1682 532 1751 Drageruleatein.
545 1684 622 1750 Synt.
630 1681 711 1751 i.p.6)
720 1692 866 1751 comparat
876 1684 983 1749 σώματα
992 1682 1128 1750 SophEl.
1138 1696 1212 1749 1232.
1231 1684 1414 1746 Cercyonea

257 1752 410 1822 Cercyonis
432 1763 462 1808 ut
480 1754 649 1822 Apollineas
670 1754 808 1807 medullas
825 1751 964 1822 Apollinis
986 1754 1025 1806 M.
1044 1751 1060 1806 i.
1079 1765 1138 1818 473.
1178 1751 1264 1805 Diod.
1282 1751 1319 1806 iv.
1337 1765 1377 1820 59.
1398 1765 1411 1821 5

255 1823 354 1876 Ἀνεῖλε
374 1825 402 1877 δέ
422 1824 463 1876 καὶ
483 1825 542 1894 περὶ
561 1824 607 1890 την
628 1824 767 1876 Ἐλευσῖνα
787 1823 915 1891 Κερκύονα
939 1825 983 1877 τὸν
1008 1823 1192 1876 διαπαλαίοντα
1209 1825 1265 1876 τοῖς
1285 1827 1413 1891 παριοῦσι

255 1896 295 1947 καὶ
314 1894 358 1948 τὸν
376 1893 514 1962 ἡττηθέντα
533 1893 723 1964 διαφθείροντα.
761 1895 856 1948 Schol.
874 1895 1030 1963 Platleg.
1048 1893 1100 1961 796
1118 1893 1168 1960 Τὴν
1184 1893 1231 1959 μέν
1246 1893 1298 1947 ἀπὸ
1316 1898 1414 1963 χειρῶν

253 1968 339 2032 πάλην
362 1965 450 2035 ἐξεῦρε
472 1963 582 2033 Opertis,
602 1965 648 2031 τὴν
669 1965 697 2017 δὲ
718 1963 768 2018 ἀπὸ
792 1968 894 2017 σκελῶν
918 1964 1037 2029 Κερκύων
1061 1965 1180 2032 Βράγχου
1205 1965 1245 2016 καὶ
1269 1963 1413 2035 Ἀργιόπης

255 2034 364 2105 νύμφης.
400 2037 464 2105 πρὸς
488 2040 578 2088 τοῦτον
599 2037 629 2088 τὸ
652 2035 769 2102 πέμπτον
793 2033 874 2088 ἆθλον
897 2035 924 2087 ἐν
948 2033 1078 2087 Ἐλευσῖνι
1101 2034 1218 2087 παλαίων
1237 2033 1413 2103 διηγωνίσατο

256 2105 366 2173 θησεὺς.
394 2107 434 2160 Cf.
451 2108 532 2159 Paus.
547 2105 563 2159 i.
578 2120 619 2173 39.
634 2120 658 2172 3.
716 2109 781 2160 413.
804 2107 916 2160 Incerta
928 2105 1019 2159 lectio.
1048 2105 1132 2174 Quod
1146 2104 1245 2174 scripsi
1259 2122 1412 2174 compares

255 2193 320 2230 cum
333 2188 365 2244 95
379 2177 468 2229 Illum
480 2193 529 2246 ego
540 2177 661 2230 deuoueo
678 2193 758 2245 quem
777 2193 869 2230 mens
888 2177 1026 2246 intellegit
1041 2177 1105 2228 Ibin
1120 2176 1180 2244 Qui
1192 2178 1246 2229 scit
1260 2193 1289 2229 se
1306 2176 1321 2228 f
1323 2175 1412 2229 actis

253 2246 306 2299 lias
319 2248 451 2300 meruisse
461 2251 564 2316 preces.
603 2246 650 2300 Sic
663 2247 738 2299 enim
750 2251 801 2301 ira
815 2256 842 2300 et
859 2251 975 2301 mentis
988 2256 1015 2300 et
1027 2251 1204 2300 iustissima
1216 2255 1267 2300 est.
1307 2247 1368 2300 Sed
1382 2256 1411 2301 et

254 2334 327 2386 quae
344 2319 453 2370 meritis
466 2318 597 2386 precibus
615 2334 676 2369 mea
693 2318 719 2370 d.
739 2319 786 2370 ira
805 2327 900 2386 potest
919 2317 982 2386 legi,
996 2328 1026 2371 ut
1045 2319 1129 2370 iustis
1147 2327 1293 2386 tamquam
1313 2318 1412 2385 glossa

255 2386 337 2443 tuerit
354 2387 491 2454 additum,
505 2404 561 2456 quo
578 2389 686 2440 meritis
702 2387 894 2457 explicaretur.
934 2389 991 2442 Sed
1010 2405 1066 2441 non
1085 2387 1189 2441 infitior
1206 2388 1235 2440 id
1248 2387 1335 2441 nimis
1349 2389 1410 2441 lan-

254 2475 340 2525 guere
358 2457 427 2510 mihi
446 2457 543 2512 uideri.
636 2461 702 2512 415.
721 2461 977 2515 Achaemenides.
1010 2458 1137 2527 Sumpsit
1156 2460 1210 2512 hoc
1229 2476 1263 2511 ex
1278 2459 1410 2512 Aeneide

254 2528 290 2582 iii.
308 2528 435 2597 587—691.
475 2528 539 2582 Fuit
551 2530 653 2598 patrc'a
671 2530 829 2597 erithace,
847 2547 935 2584 comes
951 2530 1073 2600 infelicis
1090 2531 1168 2583 Vlixi
1182 2528 1270 2597 (Aen.
1288 2529 1326 2583 iii.
1345 2529 1410 2596 613)

258 2600 374 2653 Troiam
382 2601 511 2669 genitore
522 2599 681 2652 Adamasto
692 2601 823 2670 Paupere
830 2601 974 2670 proficetus
987 2601 1057 2668 (614,
1073 2599 1107 2669 5).
1145 2600 1199 2669 Qui
1213 2615 1278 2653 cum
1291 2617 1310 2653 a
1323 2600 1409 2653 sociis

254 2669 292 2724 ad
312 2668 438 2723 Siciliam
457 2669 582 2738 appulsis
603 2670 631 2722 in
646 2671 812 2739 Polyphemi
832 2682 912 2725 antro
933 2672 1060 2725 desertus
1079 2681 1163 2738 esset,
1177 2671 1312 2739 profugus
1332 2670 1409 2723 illinc

254 2740 291 2798 ad
305 2740 370 2794 litus
379 2742 504 2794 Teucros
518 2758 582 2794 curn
592 2742 691 2795 Aenea
701 2741 888 2795 deueneratus
902 2752 944 2796 est
958 2753 988 2796 ut
1002 2743 1111 2795 saluum
1125 2759 1155 2794 se
1166 2742 1300 2806 facerent,
1311 2741 1349 2795 ab
1360 2741 1409 2794 iis-

254 2828 309 2881 que
323 2810 351 2864 in
364 2827 452 2864 naues
465 2821 595 2880 receptus
608 2821 659 2866 est.
694 2816 799 2866 Sicula
811 2817 953 2867 desertus
965 2817 1000 2866 in
1010 2816 1120 2866 Aetna.
1144 2813 1282 2880 Cyclopes
1293 2812 1342 2865 ubi
1355 2813 1408 2865 ha-

253 2881 392 2949 bitabant,
402 2882 543 2952 horrificis
554 2884 638 2935 iuxta
650 2888 730 2935 tonat
738 2883 834 2936 Aetna
846 2885 941 2937 rm'nis
951 2884 1032 2952 (Aen.
1044 2883 1080 2936 iii.
1094 2881 1164 2951 571),
1173 2883 1408 2949 Achaemeniden

253 2962 349 3006 autem
361 2954 429 3006 dum
442 2954 549 3023 trepidi
558 2953 684 3006 crudelia
695 2955 797 3007 limina
809 2955 920 3007 linerent
926 2956 1095 3007 Inmemores
1107 2955 1177 3007 socii
1186 2960 1268 3006 uasto
1282 2955 1411 3023 Cyclopis

253 3025 285 3078 in
310 3030 393 3077 antro
418 3026 604 3077 Deseruere
625 3023 673 3091 (iii.
691 3023 833 3091 616—618).
905 3028 971 3078 416.
997 3029 1109 3079 ¹Protea
1132 3040 1205 3077 oum
1228 3027 1313 3078 uidit
1336 3028 1410 3078 uela

253 3099 369 3149 uenire.
407 3096 477 3148 Aen.
492 3094 529 3148 iii.
545 3107 596 3162 590
608 3111 622 3146 e
633 3095 717 3147 siluis
731 3098 818 3148 macie
833 3096 954 3167 conjecta
970 3099 1102 3164 suprema
1113 3096 1213 3165 Ignoti
1223 3111 1298 3147 noua
1306 3096 1409 3164 forma

253 3168 321 3234 uiri}
343 3166 556 3234 miserandaque
576 3166 655 3218 cultu
671 3167 823 3220 Procedit.
844 3207 850 3220 .
870 3207 876 3219 .
890 3167 967 3219 Dira
984 3168 1109 3220 inluuies
1125 3167 1299 3234 imnissaque
1314 3166 1408 3233 barba,

254 3238 419 3291 Camertum
440 3242 569 3306 tegumen
590 3237 687 3305 spinis.
726 3237 864 3290 Fabulam
885 3237 1114 3291 Achaemenidae
1137 3236 1257 3291 Ouidius
1279 3246 1407 3290 narrarat

255 3308 324 3361 Met.
347 3307 400 3361 xiv.
427 3307 477 3360 160
498 3324 559 3376 sqq.
640 3309 704 3361 417.
724 3310 901 3361 fortunent
923 3307 1068 3361 mendices
1090 3317 1118 3360 et
1139 3324 1155 3360 a
1176 3305 1289 3360 fortiore
1311 3306 1408 3376 aliquo

253 3377 355 3446 pugnis
378 3394 477 3431 caesus
499 3376 577 3430 humi
600 3375 764 3445 inpingaris,
786 3378 858 3432 sicut
882 3380 943 3432 Irus
964 3379 1000 3431 ab
1022 3378 1103 3431 Vlixe
1127 3377 1180 3431 Od.
1203 3376 1277 3430 xviii.
1291 3389 1407 3446 95-100.

252 3451 425 3502 binominis
446 3451 499 3501 Iri.
538 3446 634 3501 Etiam
655 3450 784 3502 Amaeus
809 3450 967 3518 appellatus
991 3459 1042 3503 est.
1081 3448 1137 3502 Od.
1156 3447 1233 3517 xviii
1255 3461 1302 3514 1-7
1320 3445 1408 3501 Ἦλθε

253 3513 276 3569 δ’
298 3518 341 3570 ἐπὶ
363 3519 467 3586 πτωχὸς
484 3518 633 3585 πανδήμιος,
655 3516 683 3572 ὃς
703 3520 765 3572 κατὰ
786 3520 853 3573 ἄστυ
875 3518 1037 3587 Πτωχεθεσκ’
1058 3516 1165 3586 Ἰθάκης,
1184 3518 1248 3584 μετὰ
1269 3517 1290 3570 δ’
1311 3519 1407 3588 ἔπρεπε

252 3587 361 3658 γαστέρι
380 3589 465 3657 μάργη
485 3588 592 3656 Ἀζηχέε
608 3587 726 3658 φαγέμεν
744 3591 784 3643 καὶ
801 3591 897 3656 πιέμεν·
923 3588 981 3643 οὐδέ
1001 3590 1024 3642 oi
1042 3587 1073 3656 ἦν
1090 3587 1121 3657 is,
1141 3589 1207 3641 Οὐδὲ
1225 3589 1278 3655 βίη,
1295 3584 1365 3644 εἶδος
1378 3589 1408 3642 δέ

252 3658 323 3742 μάλα
344 3655 423 3728 μέγας
441 3655 472 3748 ἦν
492 3659 629 3726 ὁράασθαι.
664 3659 781 3725 Ἀρναῖος
800 3657 823 3713 δ’
842 3659 912 3727 ὄνομ’
933 3662 1002 3727 ἔσκε,
1021 3662 1050 3714 τὸ
1068 3661 1118 3731 γάρ
1137 3659 1196 3713 θέτο
1214 3663 1305 3712 πότνια
1323 3660 1408 3728 μήτηρ

261 3735 299 3779 Εκ
310 3730 422 3797 γενετῆς·
456 3735 514 3797 Ιρον
531 3728 560 3781 δὲ
577 3729 628 3781 νέαι
651 3728 790 3796 κίκλησκον
811 3731 928 3799 ἅπαντες,
952 3729 1039 3784 Οὕνεκ’
1059 3731 1257 3801 ἀπαγγέλλεσκε
1276 3730 1345 3796 κιὼν,
1364 3730 1408 3784 ὅτε

252 3796 303 3854 πού
315 3820 353 3852 τις
364 3798 467 3867 ἀνώγοι.
521 3801 588 3853 418.
608 3802 731 3864 Quique
743 3807 852 3856 tenent
863 3807 991 3866 pontem
1003 3801 1135 3856 mendici.
1174 3803 1270 3855 quen.
1284 3799 1340 3856 xiv.
1358 3816 1408 3869 134

164 3871 172 3886 ‘
251 3869 401 3927 Inuitatus
423 3869 464 3922 ad
483 3867 550 3923 naec
573 3871 679 3939 aliquis
702 3872 736 3925 de
754 3877 841 3942 ponte
862 3873 981 3943 negabit,
1003 3872 1038 3927 iv.
1061 3873 1110 3926 116
1128 3873 1263 3941 dirusque
1283 3890 1302 3924 a
1319 3876 1410 3942 ponte

250 3941 361 3995 satelles
377 3941 492 4012 Dignm
510 3940 646 3995 Am'cinos
664 3943 716 4010 qui
732 3945 902 3998 mendicaret
919 3945 960 3997 ad
974 3961 1048 4013 ares,
1067 3963 1093 3997 v.
1112 3944 1137 3997 8.
1176 3945 1261 3996 Mart.
1274 3962 1300 3995 x.
1316 3956 1341 4011 5.
1355 3957 1407 4012 3-5

250 4013 342 4067 Erret
354 4016 410 4082 per
427 4012 521 4064 urbem
535 4015 634 4081 pontis
651 4014 734 4067 ersul
749 4020 776 4067 et
792 4017 865 4069 cliui
874 4016 1007 4085 Interque
1018 4032 1118 4068 raucos
1130 4015 1249 4067 ultimus
1260 4021 1409 4084 rogatores

253 4085 323 4138 Oret
333 4085 451 4138 caninas
458 4085 546 4151 panis
558 4084 672 4153 inprobi
687 4084 790 4139 buccas.
828 4085 901 4139 Vide
916 4089 1018 4154 Mayor
1030 4086 1067 4139 ad
1083 4088 1180 4139 quen.
1193 4084 1229 4138 iv.
1246 4085 1304 4138 116.
1351 4091 1409 4151 qui

250 4159 312 4210 tibi
327 4159 428 4209 maior
446 4158 515 4209 erit.
552 4154 701 4208 Turnebus
715 4154 750 4208 ix.
764 4169 796 4224 25
817 4157 925 4215 rettulit.
945 4157 982 4210 ad
1002 4156 1089 4210 uerba
1107 4159 1231 4220 Quique
1250 4161 1347 4225 tenet,
1367 4158 1410 4211 sic

251 4226 328 4279 enim
350 4225 425 4294 legit,
447 4226 503 4279 hoc
524 4241 609 4278 sensu
629 4231 731 4294 ‘quem
750 4243 818 4293 prae
837 4237 865 4281 te
883 4244 1018 4296 magnum
1037 4227 1124 4295 dices,
1138 4227 1268 4296 quamuis
1287 4227 1352 4281 aliis
1372 4229 1409 4284 sit

251 4295 364 4350 infimus
382 4307 410 4350 et
429 4294 653 4350 abiectissimus'
660 4316 667 4361 3
687 4295 733 4349 alii
752 4298 789 4351 ad
807 4303 945 4362 pontem,
959 4309 988 4353 ut
1002 4301 1034 4352 T.
1049 4298 1229 4352 Vnderdown
1250 4297 1313 4368 ‘qui
1332 4317 1409 4368 pons

251 4367 301 4420 tibi
324 4367 490 4421 extendetur
511 4376 539 4420 et
561 4368 654 4435 plures
677 4368 823 4422 mendicos
845 4369 970 4437 habebit,
989 4386 1044 4439 quo
1064 4369 1125 4437 ipse
1147 4369 1240 4422 minus
1263 4369 1411 4439 accipias!

250 4437 314 4491 ‘He
333 4438 450 4492 wisheth
467 4436 525 4491 lbis
542 4447 572 4491 to
590 4439 626 4492 be
645 4455 662 4491 a
681 4439 787 4507 beggar
806 4439 834 4493 in
854 4457 994 4510 company
1007 4441 1072 4494 with
1090 4458 1108 4494 a
1124 4447 1220 4509 greate
1240 4454 1325 4509 sorte,
1346 4444 1410 4499 that
1430 4439 1432 4441 ¹

249 4507 294 4562 his
307 4519 369 4578 part
383 4509 414 4562 of
424 4510 471 4563 the
484 4510 573 4562 almes
586 4526 652 4578 may
665 4510 700 4563 be
714 4527 779 4579 very
793 4512 891 4569 small'
927 4513 973 4565 Ad
989 4514 1065 4565 Irum
1077 4511 1101 4564 si
1114 4512 1250 4566 reseratur
1262 4516 1329 4581 qui,
1342 4531 1411 4584 pos-
