3038 4988
259 409 316 463 180
721 400 947 461 EXCVRSVS.

257 573 305 617 aut
325 561 485 616 uidentibus
505 573 714 631 superuenerat.
753 563 826 617 Dico
840 561 1008 628 Cebrionen,
1026 561 1143 613 νόθον’
1118 563 1173 613 υιὸν
1187 559 1316 630 ἀγακλῆος
1332 557 1405 627 Πριά-

256 655 324 699 μοιο,
345 643 376 686 ut
401 633 486 687 etiam
514 634 638 687 Medusa
659 651 677 687 a
697 635 850 687 concubzna
874 643 936 686 orta
960 641 1003 685 est
1026 630 1166 700 (Apollod.
1190 632 1208 684 l.
1224 630 1268 698 c.‚)
1291 629 1405 684 eundem

257 703 385 772 aurigam
404 703 545 768 Hectoris,
559 721 643 784 quem
661 705 759 773 paucis
776 715 842 759 ante
859 703 935 758 horis
952 703 987 757 de
1004 719 1085 756 curru
1103 701 1245 757 deiecerat
1259 701 1406 767 Patroclus,

258 774 475 866 addideratque
474 774 595 829 ludibria
610 777 640 828 ll.
654 775 707 829 xvi.
722 788 781 844 745.

462 841 497 896 Ὠ
515 844 626 913 πόποιῆ
645 845 705 913 μαλ’
718 845 867 915 ε’λαφρός’
852 845 924 914 ανὴρ,
943 845 977 899 ώς
993 843 1051 913 ῥεῖα
1069 844 1191 912 κυβιστᾷ.

471 916 503 968 Εἰ
521 914 552 984 δίη
570 938 620 969 που
640 918 681 970 καί
698 919 783 1000 πόντιρ
801 917 829 969 ἐν
848 917 977 1002 ἰχθυόεντι
992 915 1102 986 γένοιτο,

470 987 591 1042 Πολλοὺς
609 987 640 1039 δν
658 986 789 1057 κορέσειεν
807 987 869 1056 ἀνὴρ
888 986 931 1039 ὅδε
950 985 1028 1054 τήθεα
1046 986 1131 1072 διφῶν

471 1059 539 1124 Νηὸς
557 1057 741 1127 ἀποθρώσκων,
760 1059 783 1112 εί
800 1079 842 1111 και
833 1054 1089 1146 δυσπεμφελος”
1064 1078 1112 1124 ειη,

469 1126 514 1182 Ὧς
531 1132 576 1181 νῦν
594 1128 622 1182 ἐν
638 1128 718 1219 πεδίῳ
737 1126 796 1195 ε’ξ”
785 1150 869 1182 ιππων
886 1126 942 1196 ῥεῖα
960 1128 1082 1195 κυβιστᾱ.

464 1193 536 1251 ’‘H
522 1221 555 1268 ρσ
573 1200 614 1252 καί
631 1199 659 1252 ἕν
677 1201 797 1268 Τρώεσσι
815 1199 1033 1280 κυβιστητῆρες
1021 1219 1103 1251 εασιν.

294 1273 348 1324 Est
366 1269 442 1324 enim
461 1270 532 1323 haec
551 1286 627 1323 mors
648 1270 805 1325 Cebrionae
824 1269 904 1340 quasi
923 1269 1030 1350 primus
1052 1277 1132 1323 actus
1154 1267 1320 1336 tragoediae
1339 1284 1407 1347 quae

193 1371 205 1390 .
259 1342 345 1395 finem
362 1340 448 1394 habet
464 1351 584 1395 mortem
603 1341 758 1410 Euphorbi.
797 1340 969 1410 Interposita
985 1348 1028 1394 est
1046 1357 1122 1393 mors
1138 1339 1270 1407 Patrocli,
1284 1355 1356 1409 quae
1373 1337 1411 1391 sic

259 1409 397 1466 narratur.
441 1411 546 1465 Occiso
572 1412 719 1479 Cebrione,
745 1429 828 1482 super
853 1428 970 1480 corpore
994 1411 1054 1465 eius
1080 1410 1226 1465 decertant
1253 1412 1362 1464 Hector
1384 1418 1410 1462 et

260 1484 406 1536 Patroclus
426 1482 516 1550 (755);
540 1482 657 1536 tandem
676 1483 798 1536 uictores
818 1483 920 1536 Graeci
940 1499 1042 1552 corpus
1064 1482 1193 1536 auferunt
1214 1479 1301 1549 (782).
1339 1479 1411 1559 Dein

261 1554 422 1607 Patroclum
441 1569 458 1606 a
476 1563 556 1622 tergo
574 1553 676 1621 Apollo
698 1571 784 1607 manu
805 1553 917 1623 premit,
936 1554 1047 1622 galeam
1069 1551 1154 1606 deicit
1171 1551 1264 1620 (793);
1289 1568 1355 1604 eum
1373 1549 1412 1602 sic

259 1624 409 1678 confusum
436 1624 616 1692 Euphorbus
642 1624 698 1678 hoc
723 1623 769 1678 die
797 1624 919 1692 primum
948 1623 976 1676 in
1004 1640 1129 1692 pugnam
1157 1639 1334 1692 progressus,
1358 1622 1412 1674 telo

259 1694 330 1748 fodit
351 1692 441 1764 (812);
471 1695 580 1748 Hector
601 1694 723 1764 denique
744 1695 875 1748 interficit
896 1693 980 1765 (822).
1015 1696 1040 1746 T
1042 1712 1090 1747 um
1112 1711 1185 1763 quae
1207 1710 1305 1762 pugna
1325 1693 1412 1745 fuerat

259 1765 332 1820 inter
347 1767 500 1820 Hectorem
514 1782 547 1818 ac
561 1766 721 1819 Patroclum
735 1766 771 1820 de
785 1765 933 1833 Cebrione,
946 1764 1048 1818 eadem
1060 1781 1135 1818 nunc
1149 1763 1202 1817 fit
1195 1774 1269 1818 mter
1283 1763 1411 1831 Euphor-

260 1837 328 1890 bum
345 1853 379 1890 ac
398 1836 561 1889 Menelaum
579 1835 626 1889 de
632 1836 779 1889 Patroclo:
803 1836 936 1924 denique
943 1836 1129 1904 Euphorbum
1148 1835 1308 1902 Menelaus,
1322 1843 1413 1902 spreta

259 1907 331 2030 eiusl
337 1906 530 1976 inprecatlone
546 1904 580 1960 E't'
595 1927 637 1959 κεν
652 1906 704 1977 ἐγώ
721 1906 837 1977 κεφαλην
851 1929 880 1959 τε
896 1906 955 1974 τεὴν
967 1916 1030 1975 εἴα,
1045 1905 1103 1960 imo
1120 1915 1232 1976 gutture
1249 1905 1412 1960 transfixum

260 1995 312 2047 spo
324 1977 372 2032 rat
873 1989 885 2014 ¹

298 2050 360 2103 Has
379 2058 436 2104 tres
457 2050 575 2103 heroum
597 2060 702 2104 mortes
722 2048 857 2103 Ouidium
876 2049 961 2104 credo
980 2047 1020 2102 ita
1038 2047 1134 2103 animo
1153 2045 1207 2100 sibi
1229 2047 1367 2114 figurasse
1384 2053 1412 2098 ut

261 2136 334 2189 quae
355 2120 447 2200 prima
468 2131 552 2188 esset,
576 2120 742 2187 Cebrionae,
764 2122 838 2174 hanc
860 2137 924 2173 cum
947 2129 1072 2173 extrema
1094 2118 1141 2172 illa
1164 2116 1312 2186 Euphorbi
1335 2114 1412 2196 quasi

260 2200 397 2260 perpetuo
399 2182 522 2244 uinculo
536 2161 714 2246 6onecteret:
733 2208 824 2261 neque
838 2190 926 2243 illud
920 2190 1028 2257 miuria,
1042 2206 1106 2243 cum
1124 2189 1213 2243 altera
1229 2205 1263 2269 ex
1281 2187 1392 2241 altera
1386 2203 1412 2238 m

184 2299 185 2303 ,
221 2278 224 2285 ·
262 2260 352 2314 Iliade
370 2261 486 2315 haereat
506 2279 617 2330 semper
634 2279 667 2316 ac
686 2262 818 2331 pendeat.
856 2263 923 2314 Non
943 2230 1097 2314 absuidum
1116 2259 1200 2328 igitur
1219 2258 1251 2326 si,
1270 2255 1413 2312 alternatis

261 2331 371 2384 uicibus
388 2331 435 2385 leti
449 2331 636 2385 Troianorum
649 2334 887 2412 Graecorum-que,
906 2332 1085 2400 Euphorbus,
1099 2331 1167 2384 dum
1183 2329 1275 2383 hostis
1295 2327 1412 2383 Patrocli

261 2418 363 2470 corpus
381 2401 507 2456 uindicat
525 2412 671 2471 tamquam
686 2420 704 2456 a
719 2420 750 2456 se
765 2403 901 2481 occisum,
920 2402 981 2471 ipse
998 2401 1093 2456 animo
1112 2401 1256 2455 reuolutus
1275 2399 1313 2453 ad
1332 2397 1413 2480 amici

263 2472 420 2527 Cebrionae
438 2472 528 2526 fatum
548 2490 632 2543 quem
651 2474 697 2527 hic
714 2473 878 2539 extinxerat,
897 2479 965 2525 uota
982 2475 1101 2526 sinistra
1120 2470 1233 2539 fingitur
1250 2469 1414 2539 concepisse

262 2542 364 2612 quibus
384 2542 553 2597 Cebrionem
566 2544 709 2624 fratrem
711 2545 900 2598 Medusaeae
920 2543 1126 2597 Priamidarum
1144 2541 1335 2595 ulcisceretur
1371 2542 1413 2592 Ea

263 2623 330 2667 uota
339 2615 458 2666 sinistra
468 2613 537 2668 dixit
546 2624 693 2684 tamquam
703 2614 731 2667 in
743 2615 940 2695 Euphorbum
939 2613 1143 2678 redundantia;
1157 2612 1203 2682 qui
1213 2611 1292 2666 enim
1305 2619 1413 2680 optarat

262 2694 293 2738 ut
314 2684 437 2764 Menelai
449 2694 545 2765 ..caput
561 2701 624 2738 cum
643 2685 729 2739 armis
748 2686 777 2738 in
797 2685 898 2739 Panthi
918 2685 981 2738 sinu
1001 2654 1180 2754 deponeret
1173 2700 1235 2753 ipse
1250 2699 1268 2737 a
1283 2683 1413 2737 Menelao

262 2754 373 2809 occisus
386 2754 471 2808 armis
484 2754 599 2809 exuitur.

299 2827 367 2879 Non
386 2843 432 2880 me
444 2825 514 2894 fugit
532 2843 616 2895 posse
635 2827 706 2882 haec
723 2827 893 2896 quibusdam
910 2826 986 2881 dicta
1003 2824 1092 2880 uideri
1112 2823 1267 2879 arbitrario.
1307 2823 1414 2892 Quibus

262 2896 332 2951 illud
348 2896 561 2978 responderim:
583 2897 718 2951 Ouidium
731 2897 830 2951 Tomis
846 2899 1007 2978 exulantem
1024 2914 1081 2950 non
1099 2912 1211 2964 semper
1226 2895 1264 2948 ad
1280 2893 1414 2949 amussim

263 2967 375 3045 singula
386 2966 522 3036 exegisse,
536 2968 587 3022 sed
599 2968 740 3038 quaedam
753 2987 787 3022 ex
802 2967 940 3022 memoria
951 2977 1034 3037 prout
1051 2966 1104 3021 sibi
1118 2965 1213 3021 animo
1226 2964 1414 3020 inhaesissent

263 3048 500 3108 repraesentasse.
539 3040 719 3109 Quamquam
744 3057 780 3093 ne
802 3041 856 3092 hoc
878 3038 993 3107 quidem
1018 3036 1228 3092 necessarium:
1259 3053 1328 3091 nam
1352 3044 1414 3104 post

266 3112 424 3163 Homerum
452 3111 555 3164 multos
580 3110 659 3164 uaria
686 3110 722 3164 de
747 3110 903 3189 Euphorbo
931 3108 1083 3163 tradidisse
1111 3107 1214 3161 docent
1241 3105 1415 3173 Eustathius,

261 3180 450 3249 'Scholiastaq
465 3182 644 3235 Ptolemaeus
660 3179 877 3261 Hephaestion
870 3197 899 3233 m
911 3179 1036 3270 secundo
1050 3181 1143 3243 Καινῆς
1153 3176 1292 3245 Ἱστορίας

299 3252 346 3306 Ad
360 3255 427 3318 451,
440 3255 467 3305 2.
493 3252 680 3306 Menedemus
700 3250 767 3304 dicit
757 3261 801 3304 tur
820 3250 946 3317 δαίμον’
933 3252 1070 3321 επιχώριος
1088 3248 1174 3304 fuisse
1194 3247 1381 3319 Cythniorum
1400 3261 1416 3300 a

266 3324 356 3377 Clem.
369 3323 447 3378 Alex.
463 3325 551 3377 Protr.
568 3323 638 3376 125.

300 3394 347 3448 Ad
359 3396 429 3448 465.
447 3394 543 3448 Verba
556 3410 668 3447 sacras
681 3392 837 3447 macteris
850 3393 890 3447 ad
904 3410 977 3446 aras
990 3391 1097 3461 optime
1110 3389 1332 3444 illustrantur''11s
1345 3375 1415 3459 quae

267 3464 405 3532 Diegylis,
430 3481 478 3518 rex
509 3465 660 3531 Thracum,
686 3480 704 3516 a
734 3464 861 3516 Diodoro
890 3463 982 3517 dictus
1015 3461 1165 3516 Phalaride
1190 3469 1217 3515 et
1243 3460 1415 3546 Apollodoro

266 3534 439 3601 crudelior,
432 3551 461 3588 m
479 3535 550 3588 duos
569 3535 733 3589 adulescent
723 3545 766 3589 tes
784 3534 914 3622 patrauit
954 3533 1038 3587 Diod
1053 3532 1144 3600 xxxiii.
1162 3529 1319 3598 14Τουτους
1331 3531 1416 3598 αμφο

265 3604 355 3672 τίρους
375 3605 569 3693 καταστὲφας“
562 3606 652 3672 ιερείου
671 3608 768 3673 τρόπον
788 3604 912 3675 εἰσήγαγε
934 3626 975 3658 και
997 3606 1042 3657 τὸν
1063 3605 1110 3672 μὲν
1128 3605 1251 3672 νεώτερον
1272 3602 1418 3656 κατατείνας

265 3676 363 3744 μακρὸν
375 3674 461 3727 διὰ
430 3696 480 3728 των
492 3675 623 3744 ὑπηρετῶν
636 3676 669 3730 ώς
681 3697 763 3743 μεσον
775 3676 917 3745 διακόφων,
927 3674 1115 3763 ἀνεφώνησεν(
1103 3696 1136 3728 ως
1148 3674 1196 3742 οὑχ
1209 3673 1307 3740 ὁμοίοις
1320 3673 1418 3742 ίερείοις

266 3746 306 3799 δεῖ
325 3744 439 3815 χρησθαι
460 3745 520 3800 τοὺς
540 3745 642 3800 ἰδιώτας
663 3746 705 3799 καί
723 3746 783 3801 τοὺς
801 3748 930 3809 βασιλεῖς.
967 3745 1108 3799 Κλαίοντας
1125 3745 1153 3797 δε
1174 3747 1220 3796 τοῦ
1237 3743 1418 3813 πρεσβυτέρου

266 3818 308 3870 καί
332 3815 503 3904 φιλάδελφον
524 3816 606 3870 πάθος
628 3818 818 3908 πρηφαίναντος
842 3817 883 3870 και
907 3814 1057 3871 τιθέντος’
1044 3817 1134 3869 εαυτόν
1159 3814 1208 3869 ὑπὸ
1232 3815 1278 3866 τόν
1303 3815 1419 3880 σίδηρον,

265 3885 414 3957 προσέταξε
426 3908 480 3942 τοις
492 3885 626 3955 ὑπηρέταις
638 3888 679 3940 καὶ
690 3891 782 3941 τοῦτον
795 3887 887 3954 ὁμοίως
899 3890 978 3941 τεῖναι
989 3888 1096 3957 μακρόν.
1133 3885 1317 3952 Διπλασιόζιυν
1334 3884 1400 3938 δε
1375 3906 1418 3951 την

267 3960 394 4029 ὠμότητα,
413 3980 453 4011 και
472 3979 516 4046 μιρ
506 3958 622 4048 πληγῇ
642 3956 728 4011 ιεοθΗ
715 3958 835 4027 εκατέρου
856 3959 1025 4027 χρησόμενος,
1044 3958 1071 4011 ε’ν
1088 3955 1246 4027 ἀμφοτέροις
1264 3957 1418 4025 εὑστόχησε,

266 4034 353 4084 παῖανι
366 4034 417 4082 τών
429 4011 585 4096 θεωμενων’
571 4030 780 4097 επισημηνόντων
791 4029 838 4096 τὴν
850 4029 1016 4097 κατόρθωσιν.

303 4102 349 4156 Ad
360 4104 430 4156 467.
450 4102 542 4155 Locus
554 4100 714 4154 Philostrati
729 4099 775 4154 hrc
788 4110 839 4167 est
850 4099 884 4153 iv
898 4112 953 4165 147.
980 4105 1136 4192 ,ιουνογαγων
1145 4095 1190 4151 ουν
1201 4119 1261 4152 τους
1269 4085 1419 4186 Ἐφεσίους,

269 4176 405 4260 θαρσειτε,
417 4172 469 4242 εφη
491 4171 664 4258 τημερσνγὰρ
676 4169 768 4225 παὺσω
781 4193 826 4238 την
839 4173 925 4236 νόσον,
939 4172 978 4223 καί
997 4192 1104 4237 ειπωνη
1124 4190 1151 4222 εν
1167 4169 1313 4235 ἡλικίαν
1279 4190 1367 4224 πᾶσαν
1378 4189 1421 4220 επι

267 4246 298 4299 τὸ
316 4243 448 4331 θέατρον,
451 4264 481 4296 ου
499 4245 594 4296 τὸτοῦ
611 4240 801 4326 Ἀποτροπαίου
819 4239 927 4309 ἵδρυται·
948 4168 1193 4310 πτωχεὺεινῆἕδετις
1211 4240 1322 4294 ἐνταῦθα
1339 4239 1420 4292 ἐδόκει

267 4314 350 4402 γε’ρων
373 4313 486 4381 ε’πιμὺων
509 4313 568 4368 τοὺς
591 4310 795 4381 όφθαλμοὺς’
769 4334 855 4382 τεχνη,
876 4313 917 4365 καὶ
941 4334 1023 4401 πηραν
1044 4312 1123 4381 ἔφερε
1144 4313 1186 4364 καὶ
1207 4311 1287 4381 ἄρτου
1308 4311 1337 4363 ἐν
1358 4310 1420 4396 ηὑτῄ

268 4384 412 4478 τρὺφος,“
394 4383 490 4471 ρόιιεσί
514 4406 542 4437 τε
563 4382 693 4474 ημφίεστο
715 4405 756 4437 και
777 4384 915 4452 αὑχμηρῶς
935 4377 989 4452 εἶχε
1010 4385 1056 4434 τοῦ
1077 4383 1230 4451 προσώπου.
1260 4402 1422 4448 περιστησας

269 4455 314 4546 οὖν
326 4456 385 4510 τοὺς
394 4453 575 4525 Ἐφεσίους’
547 4456 623 4524 αυτῷ,
635 4455 749 4507 Βάλλετε
760 4455 805 4507 τόν
815 4455 883 4508 θεοις
894 4448 1033 4545 ε’χθρδν,’
1008 4474 1071 4521 ειπε,
1081 4453 1311 4520 ξυλλεξάμενοι
1279 4474 1330 4506 των
1343 4451 1422 4504 λίθων

270 4525 304 4582 ὣς
321 4526 433 4581 πλείους
461 4507 640 4594 θαυμαζόντων
658 4526 686 4578 δε
704 4530 754 4578 τῶν
772 4523 936 4594 Ἐφεσίων“
922 4546 944 4593 o,
961 4547 986 4579 τι
1005 4524 1087 4595 λεγοι,
1106 4525 1146 4577 καί
1165 4521 1278 4578 δεινόνε
1266 4543 1422 4593 ηγουμενων,
