3126 4980
209 377 264 432 106
608 368 956 430 COMMENTARIVS.

204 527 290 582 Trist.
304 526 321 580 i.
334 542 359 580 2.
373 542 398 581 2.
485 529 531 582 18.
549 529 718 591 Naufragii
730 529 865 581 tabulae.
902 524 995 580 Simili
1010 526 1110 580 modo
1124 527 1266 598 loquitur
1279 528 1317 582 de
1330 545 1392 582 nau·

204 598 301 667 fragiis
315 598 443 652 fortunae
456 614 524 652 suae
538 598 622 651 Trist.
636 598 653 651 i.
666 598 692 652 6.
706 610 721 664 7
740 598 783 650 Tu
794 599 872 666 faces
884 601 918 650 ut
928 598 1060 667 spolium
1074 615 1139 651 non
1154 601 1228 666 sim,
1243 617 1296 653 nec
1307 600 1394 652 nuder

204 670 312 723 abillis
326 668 505 737 Naufragii
525 669 658 722 tabulas
674 670 728 738 qui
736 670 844 738 petiere
857 667 927 721 mei.
966 669 1032 721 Val.
1052 670 1139 724 Mare
1157 669 1221 724 viii.
1239 685 1261 724 1.
1277 687 1308 724 12
1321 672 1393 723 inter

204 743 343 794 maximos
358 747 386 793 et
398 741 588 810 grauissimos
604 740 740 808 infamiae
747 739 859 807 flnctus
872 739 991 807 emersit,
1008 748 1203 810 tamquam
1225 742 1281 795 fra
1285 758 1390 810 gmen·

204 820 272 865 tum
290 810 457 877 naufragii
471 810 531 862 leue
543 811 693 863 admodum
701 826 794 879 genus
806 810 973 878 defensionis
986 811 1189 879 amplexus.
1271 816 1319 868 19.
1336 816 1388 866 De

204 884 317 935 buerat
344 884 466 935 subitae
493 885 677 946 extinguere
702 882 855 934 flammea
904 879 1032 934 Credidit
1062 881 1258 951 Saluagnius
1291 883 1388 951 respici

204 951 328 1006 officium
347 951 407 1005 siue
426 950 542 1018 uigilum
561 951 621 1005 siue
640 950 757 1019 uigilum
775 949 917 1019 praefecti.
955 950 1022 1019 Dig.
1037 949 1058 1004 i.
1078 964 1119 1020 15.
1137 967 1157 1020 3
1179 954 1304 1008 Paulus
1321 955 1388 1008 libro

203 1023 350 1092 singulari
369 1022 402 1075 de
419 1023 506 1091 officiis
523 1023 662 1092 praefecti
681 1022 813 1092 uigilum.
849 1038 916 1074 nam
935 1021 1060 1074 salutem
1081 1025 1133 1076 rei
1149 1025 1298 1093 publicae
1318 1026 1390 1078 tueri

203 1094 282 1146 nulli
296 1095 389 1162 magis
403 1093 523 1146 credidit
538 1095 686 1146 conuenire
702 1109 752 1146 nec
766 1094 857 1145 alium
873 1092 995 1161 sufficere
1007 1093 1035 1144 ei
1052 1095 1103 1146 rei
1112 1111 1215 1162 quam
1232 1097 1386 1149 Caesarem.

203 1165 299 1232 itaque
315 1167 416 1233 septem
433 1162 557 1216 cobortes
574 1164 722 1233 oportunis
738 1163 805 1216 loces
821 1164 974 1229 constituit,
992 1167 1025 1216 ut
1041 1163 1133 1216 binas
1151 1167 1296 1236 regiones
1314 1167 1388 1220 urbis

204 1234 387 1302 unaquaeqne
413 1233 510 1287 cohors
538 1240 661 1301 tueatur,
684 1235 857 1304 praepositis
883 1236 923 1286 eis
949 1234 1079 1287 tm'bunis
1107 1240 1141 1288 et
1172 1240 1272 1306 super
1298 1255 1388 1291 amnes

203 1304 348 1373 spectabili
365 1306 430 1357 uiro
449 1306 502 1374 qui
515 1306 676 1374 praefectus
694 1305 818 1374 ut'gt‘lum
837 1304 1008 1374 appellatur.
1044 1322 1078 1358 co
1100 1309 1207 1360 noscit
1224 1310 1388 1378 praefectus

204 1376 589 1514 illustrissimi}
605 1376 796 1515 bittit
810 1376 1387 1520 fililcmil'bmsl‘iip‘l‘il'bl}

399 1485 406 1513 1
779 1487 785 1500 ·
960 1487 966 1499 ·
1020 1484 1026 1497 ·
1089 1487 1097 1514 s
1213 1491 1220 1504 ·
1321 1491 1328 1503 ·
1381 1490 1387 1502 ·

204 1519 256 1569 20.
273 1519 430 1581 praedem.
471 1518 649 1571 lnuolaturus
666 1517 756 1570 fuerat
774 1517 851 1570 bona
869 1515 973 1583 Ouidii,
992 1515 1046 1569 nisi
1066 1534 1144 1571 uxor
1167 1519 1387 1576 intercessisset

203 1587 288 1641 Trist.
308 1587 326 1640 i.
344 1587 369 1641 6.
393 1601 423 1654 13
451 1588 502 1641 Sic
521 1605 582 1641 mea
606 1589 696 1642 nescio
719 1589 785 1656 quis
807 1587 888 1640 rebus
911 1588 985 1640 male
999 1587 1085 1657 fidus
1110 1591 1234 1645 acerbis
1257 1594 1298 1645 In
1321 1593 1389 1646 bona

203 1663 351 1723 uenturus,
363 1659 611 1729 sipaterere‚fuit.
683 1661 731 1712 23.
750 1661 793 1712 Di
804 1657 1067 1713 meliue‘Heaven
1082 1659 1207 1714 sorbid'
1220 1664 1258 1716 Α
1276 1665 1390 1717 Palmer

204 1729 242 1783 ad
258 1731 326 1782 Her.
341 1728 378 1781 iii.
395 1741 451 1797 125.
490 1730 554 1797 Quo
571 1747 640 1784 sane
657 1746 742 1784 sensu
760 1728 831 1783 alias
848 1728 993 1798 usurpauit
1011 1728 1149 1798 Ouidius,
1170 1733 1245 1787 Arn
1262 1733 1294 1788 ii.
1309 1747 1334 1800 7.
1352 1750 1389 1803 19,

204 1802 240 1853 A.
253 1801 287 1853 A.
307 1799 334 1853 ii.
354 1800 414 1866 388,
437 1802 518 1854 Rem.
537 1814 598 1868 439,
622 1803 661 1854 M.
682 1799 716 1854 irc
736 1800 798 1868 496.
848 1800 993 1853 Interdum
1017 1807 1118 1853 tamen
1142 1812 1196 1856 est
1225 1803 1298 1859 ‘the
1319 1806 1390 1874 gods

204 1870 336 1925 torbade'
355 1880 384 1924 ut
403 1870 464 1924 Val.
487 1872 562 1924 Max.
576 1871 610 1924 vi.
629 1886 649 1925 1.
669 1873 733 1924 Ext.
747 1886 762 1939 3
778 1871 821 1924 Di
837 1871 938 1924 melius
954 1871 1032 1939 quod
1045 1869 1127 1924 bunc
1143 1875 1297 1929 animum
1317 1878 1391 1930 uiris
1492 1889 1496 1910 ⁶

203 1958 302 1994 earum
326 1942 358 1994 in
383 1942 442 1994 acte
465 1958 521 1994 non
548 1942 686 1995 dedinent
713 1959 797 2011 quem
826 1942 920 1995 locum
945 1941 1079 1995 schottus
1110 1944 1219 1999 attulit
1250 1947 1292 2000 ad
1324 1949 1407 2011 Sen¹

205 2013 339 2066 Controu.
353 2030 377 2064 x.
394 2012 482 2066 Praei.
496 2027 513 2078 4
531 2013 576 2066 Di
586 2014 686 2066 melius
702 2013 779 2081 quod
791 2029 822 2065 eo
835 2012 944 2066 saeculo
955 2015 1011 2065 ista
1023 2013 1224 2082 ingem‘orum
1240 2020 1391 2088 supplicia

203 2087 427 2153 coeperuntque
447 2085 563 2154 ingenia
583 2085 733 2138 destement.
772 2084 838 2137 Seu.
865 2083 954 2152 Epist.
977 2083 1018 2150 98.
1040 2096 1057 2147 4
1078 2084 1126 2136 Et
1146 2089 1268 2141 senties
1289 2089 1347 2143 leoc
1365 2095 1392 2142 et

204 2153 379 2222 confiteberis,
399 2152 476 2207 nibil
495 2172 532 2207 ex
553 2153 598 2208 bis
621 2154 789 2225 optabilibus
809 2158 837 2207 et
859 2156 935 2207 caris
955 2155 1025 2206 utile
1045 2170 1111 2221 esse,
1135 2157 1209 2210 nesi*
1234 2164 1265 2212 te
1287 2166 1391 2214 contra

203 2225 347 2277 leuz'tatem
365 2241 446 2277 casus
462 2241 612 2294 rerumque
628 2242 722 2278 casum
738 2226 913 2294 sequentium
933 2225 1115 2292 instruxen's,
1137 2228 1209 2280 nisi
1228 2231 1318 2284 illud
1327 2232 1390 2300 fre-

203 2300 322 2364 quenter
337 2300 364 2348 et
379 2297 439 2347 sine
455 2297 579 2364 querella
597 2298 675 2351 inter
688 2297 804 2366 singula
816 2296 921 2349 damna
936 2296 1044 2348 dixeris
1060 2295 1126 2348 Dis
1140 2297 1261 2354 aliter
1276 2301 1390 2355 uisum

202 2375 273 2419 est:
292 2367 378 2419 immo
396 2365 561 2420 mehercules
575 2373 609 2420 ut
625 2383 736 2420 cannen
747 2368 858 2434 fortius
875 2383 910 2420 ac
924 2368 1030 2420 iustius
1042 2368 1143 2435 petam
1163 2385 1232 2436 quo
1250 2375 1389 2425 animum

203 2443 286 2491 tuum
307 2438 398 2507 magis
409 2438 528 2507 fulcias,
546 2437 598 2491 boc
616 2439 709 2505 dicito,
728 2439 856 2506 quotiens
876 2438 990 2506 aliquid
1007 2438 1094 2490 aliter
1111 2454 1211 2505 qnam
1236 2445 1390 2513 cogitabas

203 2510 336 2576 euenerit,
357 2507 397 2560 Di
418 2508 546 2562 melius.
584 2510 634 2562 Sic
647 2510 797 2577 composito
813 2507 891 2562 niltil
904 2509 1026 2562 accidet:
1044 2507 1083 2560 ita
1096 2508 1180 2562 enim
1196 2523 1285 2567 recte
1300 2514 1388 2569 inter-

203 2588 330 2648 pretatus
349 2589 392 2632 est
410 2578 610 2647 Hertzbergius
630 2579 666 2633 ad
687 2581 768 2648 Prop.
782 2578 817 2633 iv.
831 2579 855 2633 6.
869 2579 911 2647 65.
952 2580 1051 2648 ltaque
1069 2579 1150 2632 haud
1170 2581 1243 2635 scio
1265 2601 1306 2638 an
1328 2603 1388 2640 non

204 2649 305 2703 melius
325 2665 399 2703 nunc
418 2649 459 2703 sic
481 2649 627 2719 intellegas
646 2651 678 2704 di
697 2652 798 2704 melius
810 2650 943 2719 jecerunt
962 2649 1024 2703 ‘the
1045 2649 1118 2718 gods
1139 2649 1246 2706 willed
1271 2655 1387 2710 better!

204 2723 255 2775 24.
274 2723 495 2781 Qut..nolu1t
512 2721 663 2789 Augustus.
775 2723 825 2774 25.
842 2724 1032 2784 ubicumque
1045 2736 1238 2791 quacumque
1253 2724 1285 2778 in
1300 2738 1386 2795 parte

204 2799 349 2857 terrarum,
370 2790 430 2844 siue
449 2791 477 2844 in
497 2793 588 2845 Ponto
608 2791 667 2845 siue
687 2789 742 2846 alio
761 2808 817 2861 quo
835 2792 995 2845 transferar.
1124 2793 1176 2843 26.
1199 2804 1385 2852 mansueto

203 2862 403 2926 pectoreVal.
420 2864 494 2916 Maso
510 2861 545 2916 iii.
561 2864 584 2916 8.
599 2877 614 2915 2
629 2865 691 2916 Ext.
771 2866 819 2917 27.
838 2865 964 2916 Audiet.
1001 2863 1108 2915 Pontus
1127 2878 1176 2915 me
1196 2866 1308 2921 audiet
1330 2869 1385 2922 has

204 2944 298 3001 grates
318 2941 468 3000 agentem;
493 2933 612 2987 tortasse
631 2933 716 2987 etiam
739 2936 823 2987 idem
841 2934 985 3002 Augustus
1003 2931 1142 2985 mutando
1165 2933 1274 2989 locum
1303 2939 1382 2992 exilii

203 3006 298 3057 faetet
321 3008 358 3056 ut
386 3009 472 3057 terra
498 3008 628 3069 propior
655 3003 753 3058 ltaliae
781 3006 980 3058 testificanda
1006 3006 1049 3057 eit
1071 3005 1153 3056 mihi
1178 3005 1210 3058 h.
1238 3024 1266 3061 e.
1295 3010 1383 3063 testis

205 3073 365 3128 inuocanda
377 3075 449 3143 grati
462 3074 556 3129 animi.
673 3078 723 3129 28.
741 3078 871 3139 propior
884 3074 966 3128 Trist.
981 3073 1016 3128 iv.
1029 3088 1054 3139 4.
1070 3085 1099 3141 51
1118 3074 1238 3129 Mitius
1249 3081 1382 3133 em'lium

198 3146 344 3215 pauloque
355 3147 550 3216 propinquius
562 3149 634 3216 opto,
647 3144 675 3200 ii.
689 3147 736 3214 185
752 3145 940 3212 (Constantin.
955 3143 1113 3211 Fanensis).
1231 3150 1284 3203 29.
1309 3155 1381 3205 uio·

203 3220 287 3271 lente
298 3216 345 3286 qui
356 3215 424 3270 mihi
435 3227 494 3270 tam
503 3217 585 3270 foede
594 3216 734 3270 insultasti
746 3217 827 3270 Pont.
836 3216 869 3270 iv.
880 3230 905 3283 3.
914 3229 957 3282 27.
992 3218 1040 3269 30.
1055 3219 1126 3277 Qua
1134 3217 1215 3270 lieet
1226 3232 1380 3288 quantum

203 3288 273 3341 mihi
285 3291 400 3342 misero
412 3287 486 3342 licet.
523 3289 676 3356 Relegatus
693 3286 768 3341 enim
781 3286 908 3341 uoniam
921 3288 1040 3340 multum
1056 3295 1175 3354 poterat.
1224 3289 1297 3357 Qua
1311 3293 1382 3347 licet

202 3359 335 3428 frequens
349 3376 393 3427 ap.
408 3358 543 3411 Ouidium
558 3360 625 3413 Her.
635 3358 669 3411 iv.
681 3373 698 3426 9
710 3359 773 3427 Qua
785 3358 849 3412 licet
860 3364 888 3411 et
897 3359 1034 3427 sequitur,
1042 3357 1140 3428 pudor
1150 3361 1192 3409 est
1204 3363 1381 3417 miscendus

203 3431 298 3482 amori
307 3430 371 3483 Am.
385 3428 423 3482 iii.
437 3430 461 3483 8.
474 3441 502 3498 51
520 3430 584 3498 Qua
596 3430 667 3496 licet,
680 3431 791 3499 affictas
803 3428 910 3482 caelum
922 3446 1038 3498 quoqne.
1069 3426 1193 3481 Pontii.
1208 3443 1237 3494 4.
1252 3446 1291 3498 34
1309 3434 1379 3501 Qua

203 3500 267 3552 lieet
278 3503 306 3552 et
317 3504 456 3567 quantum
469 3516 525 3552 non
538 3517 669 3553 onerosus
679 3517 734 3554 ero.
771 3502 898 3554 debitus
910 3501 1022 3569 qualem
1035 3515 1081 3552 me
1094 3498 1179 3551 debet
1195 3499 1254 3554 tibi
1273 3512 1331 3558 tua
1348 3506 1377 3558 in

204 3585 250 3622 me
264 3568 421 3622 crudelitas
455 3570 539 3624 Trist.
550 3570 576 3624 ii.
591 3572 648 3625 160.
728 3574 773 3624 31.
794 3571 900 3625 Herod.
915 3570 971 3625 viii.
988 3584 1036 3637 143
1055 3573 1100 3622 νῦν
1112 3568 1140 3621 δὲ
1156 3568 1324 3657 ἀπάγῖελλε
1338 3577 1377 3646 τῷ

204 3637 342 3710 Μαρδονίῳ
360 3640 394 3693 ὡς
411 3637 540 3706 Ἀθηναῖοι
558 3642 676 3711 λέγουσι,
694 3641 760 3695 ἔστ’
774 3641 809 3694 ἂν
827 3643 841 3694 ὁ
860 3641 949 3709 ἥλιος
966 3641 1020 3708 τὴν
1038 3639 1131 3707 αὐτὴν
1149 3639 1213 3692 ὁδὸν
1235 3663 1266 3708 tp
1285 3646 1377 3715 τῇπερ

204 3711 252 3762 καὶ
265 3713 317 3761 νῦν
329 3710 466 3778 ἔρχεται,
479 3710 595 3778 μήποτε
608 3711 819 3782 ὁμολογήσειν
831 3709 924 3781 ἡμέας
936 3712 1021 3782 Ξέρξῃ
1033 3721 1062 3765 et
1074 3729 1099 3764 v.
1110 3725 1153 3778 92.
1229 3715 1282 3768 35.
1304 3717 1375 3772 fra·

203 3786 294 3834 terno
310 3782 398 3835 fumo
415 3780 443 3833 in
460 3798 510 3835 ara
523 3783 647 3836 Eteoclis
664 3793 692 3837 et
711 3782 861 3852 Polynicis.
903 3782 977 3852 Hyg.
989 3783 1023 3835 68
1035 3782 1160 3836 Eteocles
1172 3785 1200 3834 et
1211 3783 1376 3854 Polynices

202 3853 280 3906 inter
291 3868 319 3904 se
332 3856 495 3922 pugnantes
512 3854 588 3906 alius
606 3855 696 3906 alium
715 3855 922 3924 intersecemnt.
958 3855 1016 3907 His
1028 3870 1091 3906 cum
1108 3851 1207 3905 Thebis
1221 3858 1375 3922 parenta-

201 3929 285 3978 retur
305 3922 490 3993 (parentatur
510 3923 660 3992 Niebuhr),
678 3927 732 3979 etsi
741 3930 856 3978 uentus
879 3923 1024 3977 ueltemens
1046 3928 1115 3976 esset
1136 3921 1189 3990 (est
1214 3925 1373 3999 Niebuhr)

201 4002 296 4049 tamen
310 3996 416 4065 sumus
436 4012 464 4048 se
484 4012 640 4065 numquam
661 3997 692 4049 in
714 4013 802 4049 unam
821 3999 935 4065 partem
959 3997 1105 4062 conuertit,
1127 3994 1177 4046 sed
1198 3995 1283 4050 alius
1309 4003 1375 4055 alio

201 4069 352 4122 seducitur.
391 4067 458 4121 Luc.
472 4066 489 4122 i.
505 4079 517 4135 5
523 4079 563 4135 51,
577 4068 648 4121 Stat.
662 4068 693 4120 T.
708 4066 754 4121 xii.
767 4080 899 4135 429-433,
912 4066 1019 4120 Auson.
1032 4065 1129 4135 Epigr.
1146 4078 1203 4132 139,
1224 4068 1321 4125 Anth.
1340 4074 1373 4128 P.

202 4137 247 4192 vii.
268 4152 328 4207 399.
366 4138 497 4192 Eandem
518 4138 644 4191 fabulam
665 4147 759 4191 narrat
779 4137 899 4192 Ouidius
919 4137 1003 4191 Trist.
1016 4156 1042 4191 v.
1061 4148 1082 4204 5.
1098 4136 1185 4203 33-38
1204 4136 1257 4196 ubi
1283 4141 1373 4199 addit

204 4209 410 4263 Callimachum
425 4209 453 4262 id
470 4225 653 4277 memorasse,
671 4208 730 4262 siue
749 4209 777 4262 in
797 4208 886 4276 Ibide,
900 4206 960 4262 siue
978 4206 1007 4260 in
1022 4207 1120 4274 Aetiis,
1134 4215 1164 4260 ut
1179 4206 1372 4268 Schneidero

201 4281 294 4347 placet
309 4280 417 4334 Callim.
432 4280 459 4334 ii.
472 4297 499 4349 p.
513 4280 573 4334 626.
645 4282 693 4334 36.
712 4284 822 4347 Quem,
841 4296 898 4332 non
917 4295 1011 4347 quam,
1024 4277 1175 4347 legendum
1195 4293 1264 4334 esse
1278 4280 1372 4340 docet

201 4350 343 4419 oppositio
353 4351 564 4405 sententiarum.
592 4352 693 4420 Iunget
705 4367 791 4406 noua
802 4352 970 4405 eoncordia
978 4350 1086 4403 fumum
1095 4364 1189 4413 quem
1201 4356 1304 4407 uetus
1316 4359 1373 4411 ira

201 4426 334 4485 separat.
365 4421 442 4475 ‘And
454 4439 516 4476 new
529 4432 691 4490 agreement
705 4423 803 4476 shalbe
817 4422 909 4488 made,
924 4420 951 4473 in
964 4421 1094 4474 brothers
1107 4418 1225 4472 smooke
1239 4424 1370 4490 againe:

201 4491 305 4544 Which
330 4501 404 4546 earst
429 4492 457 4545 in
479 4492 591 4561 blasing
614 4492 713 4547 flames
735 4493 768 4546 of
788 4493 855 4562 iyre,
878 4492 942 4546 olde
966 4507 1066 4546 rancor
1088 4499 1149 4545 rent
1175 4489 1204 4542 in
1230 4500 1373 4564 twayne’
