3082 4980
553 351 881 413 PROLEGOMENA.
1234 355 1294 415 xliir

180 509 273 571 Moris
295 519 355 570 erat
376 510 560 570 sacerdotum
578 509 660 568 humi
680 510 814 582 dormire,
831 510 925 585 capite
939 509 969 567 in
987 527 1073 569 axem
1094 511 1225 588 ligneum
1246 512 1293 571 uel

139 593 263 652 durioris
277 592 384 667 aliquid
398 592 534 653 materiae
552 592 653 650 innixo
668 588 769 669 (Willr.
784 592 801 650 i.
823 610 851 667 p.
871 589 948 670 186).
992 590 1063 652 Hoc
1084 592 1122 652 ad
1142 593 1292 652 inimicum

138 691 225 733 suum
237 673 360 734 Ouidius
376 674 416 732 sic
430 673 572 754 transtulit
585 682 616 732 ut
629 672 808 732 Eumenides
822 672 929 732 faceret
943 673 1060 734 infantis
1075 685 1163 751 caput
1175 675 1206 732 in
1221 693 1293 734 saxo

136 754 296 815 fulcientes

179 837 207 896 ii.
229 836 433 896 Obseruabant
450 837 587 914 Aegyptii
607 837 824 914 diligentissime
842 837 998 930 genituras,
1014 855 1075 931 quo
1093 838 1216 914 quisque
1236 837 1292 908 die,

139 937 197 1013 qua
217 918 317 977 hora'
310 938 340 976 ιιι
361 919 457 978 lucem
477 919 570 978 editus
591 918 698 978 fuisset.
742 918 887 980 Herod.'
870 937 898 978 ιι
914 923 960 976 82.
1005 919 1073 978 At
1066 938 1096 978 ιιι
1117 919 1200 978 lbide
1222 919 1292 976 nihil

138 999 280 1076 insignius
293 1001 354 1060 istis
370 1019 428 1076 209
443 1018 507 1078 sqq.

261 1081 356 1141 Natus
376 1101 408 1141 es
428 1082 608 1141 infelix—ita
628 1081 658 1139 di
679 1083 895 1140 uoluere-nec
917 1081 974 1141 ulla

302 1163 470 1223 Commoda
490 1164 621 1223 nascenti
641 1162 722 1222 stella
742 1162 851 1222 leuisue
872 1162 933 1223 fuit.

261 1244 333 1304 Non
353 1244 457 1304 Venus
478 1245 577 1316 illuxit,
600 1263 661 1302 non
682 1244 729 1303 illa
750 1243 859 1321 Iupiter
881 1244 961 1315 hora,

302 1326 445 1402 Lunaque
466 1333 528 1384 non
549 1336 619 1402 apto
640 1327 742 1403 solque
764 1325 844 1384 fuere
864 1325 941 1384 loco

261 1406 326 1466 Nec
347 1407 415 1469 satis
435 1407 540 1465 utiliter
560 1407 672 1482 positos
693 1407 745 1465 tibi
765 1407 898 1482 praebuit
918 1408 1001 1483 ignes

236 1482 240 1489 ’
303 1488 402 1560 Quem
421 1488 532 1564 peperit
553 1505 662 1563 magno
682 1488 778 1546 lucida
799 1487 880 1547 Maia
900 1489 973 1548 Ioui.

262 1567 308 1628 Te
330 1568 398 1640 fera,
420 1587 476 1633 nec
497 1569 653 1644 quiequam
674 1568 823 1645 placidum*
841 1569 1017 1644 spondentia
1038 1569 1139 1630 Martis

303 1648 404 1709 Sidera
425 1658 599 1725 presserunt,
621 1649 795 1728 falciferique
816 1651 901 1709 senis,

261 1731 326 1790 Lux
347 1749 466 1808 quoque
488 1731 598 1803 natalis,
620 1749 658 1790 ne
680 1732 750 1809 quid
770 1732 825 1790 nisi
845 1732 923 1791 triste
945 1732 1067 1804 uideres,
1094 1754 1097 1759 <

297 1812 412 1906 ⁸Turpis
433 1822 462 1871 et
482 1812 608 1872 inductis
629 1813 754 1873 nubibus
775 1823 836 1872 atra
856 1813 916 1873 fuit.

180 1891 252 1953 Dies
266 1894 354 1952 etiam
369 1904 519 1971 tamquam
539 1912 697 1970 prosperos
718 1905 767 1954 aut
787 1896 985 1971 improsperos
1000 1897 1140 1955 notabant
1158 1894 1294 1976 (Renouf

139 1970 277 2070 Religion
298 1975 334 2034 of
350 1975 478 2034 Ancient
497 1974 644 2053 Egyptp.
664 1973 751 2054 157):
779 1975 815 2036 cf.
838 1976 882 2035 Ib.
900 1995 967 2051 219,
984 1996 1051 2036 220.
1101 1976 1290 2057 Aderantque

138 2057 269 2115 nascenti
282 2057 374 2116 cuiuis
389 2057 461 2116 deae
475 2057 622 2132 quaedam
637 2057 695 2116 fata
709 2057 913 2133 praefinientes
928 2056 1064 2137 (Renouf
1081 2077 1110 2152 p.
1123 2055 1201 2137 161),
1217 2061 1290 2120 sicut

137 2149 308 2197 nascentem
322 2138 388 2197 Ibin
403 2139 563 2215 suscipiunt
577 2137 764 2211 Eumenides,
779 2138 986 2218 infelicemque
1002 2141 1197 2217 praesignant,
1216 2161 1289 2203 con·

135 2219 270 2278 firmante
284 2219 393 2279 Clotho
404 2220 527 2298 quaein
542 2220 607 2279 fatis
620 2229 781 2296 posuerunt
795 2230 823 2280 et
836 2230 898 2281 rata
911 2220 1043 2282 faciente

177 2301 214 2360 iii
256 2300 297 2361 At
317 2302 368 2361 tibi
390 2301 507 2360 calcasti
528 2301 577 2378 qui
598 2319 655 2372 me,
676 2302 813 2373 uiolente,
833 2303 986 2361 iacentem.

179 2381 321 2459 Saepius
314 2401 344 2440 ιιι
359 2382 512 2459 sculpturis
526 2383 738 2476 Aegyptiorum
752 2383 809 2443 hoc
823 2384 948 2456 recurrit,
964 2393 995 2442 ut
1009 2384 1103 2443 uictor
1115 2385 1146 2443 ln
1160 2384 1289 2444 hostium

136 2474 346 2538 prostratorum
358 2463 434 2524 collo
449 2463 577 2540 pedem'
570 2474 701 2540 inponat,
716 2464 820 2541 quibus
835 2473 984 2542 tamquam
999 2467 1130 2542 ὑποποδίῳ
1144 2474 1197 2524 τῶν
1203 2468 1289 2524 ποδῶν

136 2555 239 2704 ptatpp.
283 2543 462 2624 (Wilkinson
475 2546 512 2604 iii.
535 2565 563 2622 p.
579 2564 637 2621 403
659 2547 710 2605 ubi
731 2547 830 2605 tabula
851 2546 930 2622 picta
955 2546 1040 2606 huius
1064 2547 1105 2606 rei
1128 2547 1288 2625 imaginem

148 2636 198 2686 ert.

176 2709 210 2766 iv.
254 2708 291 2767 In
312 2709 377 2768 loca
397 2710 435 2767 ab
455 2707 559 2786 Elysiis
580 2709 694 2768 diuersa
714 2708 852 2785 fugabere
873 2709 992 2784 campis.

301 2789 442 2867 Quasque
463 2799 542 2848 tenet
563 2790 647 2848 sedes
669 2791 758 2849 noxia
778 2791 870 2860 turba,
892 2790 979 2849 coles

177 2870 341 2947 Elysiorum
363 2889 536 2947 camporum
557 2872 646 2931 rari0r
666 2871 777 2929 mentio
798 2871 877 2948 apud
897 2873 1042 2947 antiquos,
1061 2889 1158 2948 neque
1179 2871 1239 2944 hic,
1254 2882 1288 2931 ut

135 2951 257 3025 uidetur,
281 2962 468 3028 prouentura,
493 2953 548 3010 nisi
576 2952 720 3028 singulare
749 2952 820 3028 quid
844 2952 981 3010 subesset.
1034 2951 1174 3028 Respexit
1198 2953 1287 3012 credo

135 3033 347 3110 Aegyptiorum
368 3053 466 3106 sacra3
489 3051 559 3092 nam
580 3043 609 3092 et
629 3033 673 3091 his
687 3032 773 3090 Aaru
788 3033 847 3091 siue
862 3031 942 3090 Aalu
961 3033 1119 3109 imaginem
1139 3034 1288 3110 quandam

135 3113 299 3192 Elysiorum
314 3134 486 3192 camporum
500 3114 650 3175 referebat.
693 3114 729 3172 In
743 3113 801 3172 hoc
815 3131 887 3189 agro
903 3124 1032 3190 segetem
1047 3114 1143 3173 colere
1158 3113 1287 3175 defuncti

134 3196 195 3255 uita
218 3197 409 3256 credebantur
416 3216 424 3269 ;
455 3195 722 3272 circumdatumque
745 3194 845 3254 habuit
870 3195 923 3254 sibi
947 3213 1063 3254 murum
1087 3214 1123 3255 ex
1148 3194 1234 3267 ferro,
1256 3197 1287 3256 in

135 3295 195 3353 quo
220 3278 328 3338 multae
352 3288 470 3355 portae;
503 3277 664 3354 perfluebat
690 3287 789 3337 autem
816 3277 910 3335 amnis
935 3277 1070 3337 diductus
1093 3277 1286 3347 multifariam.

136 3357 196 3419 Sed
219 3369 249 3419 et
269 3361 412 3436 Apuleius
436 3359 487 3418 ubi
511 3359 599 3418 sacris
624 3358 683 3417 suis
703 3359 814 3417 initiato
836 3358 898 3417 Isin
919 3358 1145 3437 conloquentem
1166 3359 1286 3433 inducit,

134 3440 248 3516 Elysios
262 3459 384 3518 campos
399 3441 642 3500 commemorauit
655 3441 693 3498 xi.
710 3442 727 3498 6
750 3439 831 3499 Vz‘ues
850 3446 939 3499 autem
959 3440 1154 3513 fraternarum
1175 3443 1206 3500 in
1227 3462 1286 3502 mea

134 3522 217 3579 tutela
225 3523 376 3598 gloriosus,
387 3529 414 3581 et
423 3541 485 3580 cum
499 3523 618 3598 spatium
633 3522 737 3580 saeculi
747 3523 793 3579 tui
795 3532 959 3597 permensus
972 3524 1014 3581 ad
1023 3525 1129 3603 anseres
1142 3524 1284 3597 denuartl,

135 3603 178 3661 ibi
196 3623 299 3679 quoque
320 3606 351 3662 in
373 3606 431 3679 titre
452 3603 626 3663 subterranea
645 3604 829 3662 semzrotuna'e
848 3623 897 3677 me,
919 3622 1001 3679 quan
1021 3606 1099 3665 utiles
1119 3604 1286 3665 Acherontis

133 3684 250 3743 tenebris
268 3687 469 3743 enterlucentem
487 3684 645 3762 Stygiisque
660 3685 849 3761 penetralibus
867 3694 1034 3762 regnantem,
1049 3695 1155 3762 campos
1171 3686 1285 3763 Elysios

133 3766 251 3824 mertens
263 3767 319 3843 epse
333 3766 387 3826 tr'bz'
390 3767 545 3842 prapitzam
548 3770 687 3846 frequens
700 3766 840 3825 adorabis.

174 3865 201 3906 v.
223 3847 260 3906 In
274 3847 358 3908 Ibide
370 3847 485 3906 umbrae
498 3848 674 3909 inducuntur
692 3858 842 3926 tamquam
859 3848 943 3908 uiuae
962 3858 991 3907 et
1010 3849 1144 3906 uiuorum
1162 3849 1284 3908 affectus
1376 3881 1377 3884 ι

133 3929 299 3989 retinentes.
342 3928 421 3988 Nam
440 3939 469 3988 et
483 3928 574 3988 Ibidis
592 3931 683 3987 naxia
702 3931 777 3988 mille
798 3930 886 3987 medis
906 3928 1111 3987 lacerabitur
1132 3929 1240 4001 umbra,
1255 3939 1284 3988 et

133 4019 238 4085 poetae
259 4009 359 4070 umbra
380 4029 433 4069 nen
455 4028 569 4070 mores
591 4011 676 4068 ratum
700 4011 813 4069 oderit
836 4009 951 4080 inimici,
972 4009 1024 4068 sed
1048 4018 1077 4067 et
1101 4010 1214 4068 uultus
1238 4011 1283 4069 in-

134 4100 278 4168 sequetur,
294 4102 323 4153 et
336 4093 424 4152 tendet
435 4091 469 4149 in
487 4109 544 4150 ora
564 4091 694 4166 gelidas
709 4109 838 4149 manus.
881 4090 971 4164 Apud
986 4090 1149 4166 Aegyptios
1163 4091 1283 4166 singulis

133 4174 243 4232 umbris
262 4192 314 4234 sua
332 4191 459 4251 persona
479 4183 507 4231 et
525 4172 661 4231 materies
679 4169 814 4248 (Renouf
831 4188 859 4245 p.
875 4168 961 4247 153);
984 4181 1166 4230 mortuorum
1187 4170 1282 4234 laruae

166 4375 181 4409 *
198 4373 300 4421 Records
317 4373 346 4421 of
359 4372 399 4420 the
416 4371 491 4418 Part
485 4385 516 4418 ιι
535 4384 558 4430 p
571 4368 628 4415 80
637 4367 712 4430 lgive
724 4367 777 4415 thee
788 4368 818 4415 all
829 4367 870 4414 the
881 4367 952 4432 landa,
965 4367 996 4417 all
1006 4367 1047 4416 the
1058 4368 1147 4435 foreign
1158 4352 1281 4430 conuulsa,

132 4437 174 4486 the
186 4440 314 4486 barbatiane
326 4438 439 4488 collected
450 4437 521 4484 under
532 4435 575 4497 thy
586 4443 633 4482 two
645 4433 742 4490 sandals,
754 4435 789 4482 for
800 4433 868 4484 ever!

693 4498 713 4558 d
