3082 4980
549 381 876 443 PROLEGOMENA.
984 400 987 403 ’
1198 384 1288 442 xxxix

69 560 72 564 ·
135 538 213 596 ibide
234 540 272 597 ab
289 539 500 614 Aegyptiorum
521 541 575 597 ritu
596 559 631 598 ac
652 559 734 599 more
756 540 929 599 discessisse.
972 539 1014 597 Hi
1035 541 1112 599 enim
1135 549 1286 616 tamquam

134 637 247 678 sacram
262 621 492 693 uenerabantur;
515 631 601 697 atque
615 622 691 680 adeo
705 640 766 679 non
783 623 954 680 inmundam
969 622 1115 680 ducebant
1128 631 1160 680 ut
1174 639 1233 697 qua
1247 638 1284 679 ex

133 719 209 777 aqua
223 701 277 759 ibis
291 701 417 773 bibisset,
433 720 497 761 eam
513 703 604 761 solam
624 704 654 760 in
672 703 761 762 sacris
776 703 947 762 adhiberent
961 701 1037 780 (Ael.
1052 702 1093 761 H.
1108 702 1144 761 A.
1159 703 1205 760 vii.
1222 698 1282 776 45).

134 781 224 853 Quod
234 783 320 858 igitur
328 783 388 840 ibin
397 784 510 842 induxit
521 794 671 860 tamquam
681 785 802 860 dignam
811 784 1021 850 deuotionibus,
1027 783 1157 843 Graecos
1166 794 1284 843 secutus

132 864 264 936 uidetur;
286 882 358 932 nam
377 865 418 922 sic
440 865 652 942 Aristophanes
673 865 783 925 dixerat
799 863 866 933 Ἰβις
886 867 1032 940 Λυκούργῳ,
1053 876 1085 925 ut
1105 867 1232 925 alienum
1254 875 1284 924 et

131 945 310 1021 Aegyptium
330 956 451 1004 notaret.
493 946 574 1023 Ergo
594 956 644 1005 aut
662 946 792 1006 Graecus
810 948 922 1023 origine
939 947 1115 1023 Apollonius
1137 965 1199 1005 non
1220 946 1280 1017 luit,

132 1026 213 1100 quod
234 1026 355 1085 fortasse
372 1027 499 1086 declarat
519 1028 608 1086 rarius
628 1029 701 1086 inter
718 1027 849 1087 Graecos
870 1046 980 1086 nornen
1002 1028 1089 1104 patris
1110 1028 1198 1087 Hillei
1220 1028 1282 1091 siue

133 1106 210 1166 Sillei
232 1106 302 1187 (Vit.
324 1127 371 1184 ap.
396 1108 471 1166 Keil.
496 1128 525 1184 p.
549 1106 629 1187 534),
655 1119 705 1167 aut
729 1128 797 1167 eum
822 1109 1018 1168 Callimachus
1042 1118 1192 1184 tamquam
1215 1115 1281 1181 βαρ·

130 1193 267 1259 βαρίζοντα
294 1208 349 1248 nec
378 1190 445 1251 satis
470 1189 582 1249 Graece
610 1192 771 1266 sapientem
798 1201 900 1249 notare
924 1191 1064 1250 uoluerat.
1117 1190 1196 1249 Nam
1220 1208 1280 1267 quo

131 1271 227 1346 magis
248 1271 310 1347 ipse
331 1270 510 1329 locutionem
532 1272 686 1330 affectabat
710 1272 792 1330 cuius
811 1281 840 1330 et
864 1273 1006 1347 exquisita
1027 1280 1057 1329 et
1076 1290 1145 1329 uere
1167 1271 1282 1331 Graeca

132 1360 161 1408 et
184 1362 283 1410 tamen
309 1353 424 1427 propria
449 1351 544 1410 forma
568 1363 651 1424 esset,
674 1353 731 1411 hoc
752 1354 846 1412 acrius
871 1354 902 1410 in
925 1352 1068 1428 discipulo
1091 1353 1281 1411 insectaturus

132 1430 185 1490 suit
205 1433 412 1509 quodcumque
434 1434 481 1491 uel
503 1433 620 1492 sordere
641 1434 689 1491 uel
711 1435 797 1492 nimis
819 1452 927 1508 magna
948 1434 1064 1508 spirare,
1086 1433 1132 1491 uel
1154 1433 1281 1508 denique

132 1513 172 1570 ita
195 1514 233 1570 ad
257 1531 323 1572 suas
344 1523 420 1572 artes
441 1514 579 1573 accedere
600 1515 748 1585 iudicarat,
768 1525 800 1572 ut
824 1534 873 1573 eas
895 1525 994 1572 tamen
1016 1533 1068 1589 per
1089 1515 1282 1572 imitationem

133 1593 302 1652 traduceret.
344 1593 533 1669 Nequevhoc
557 1596 623 1653 ideo
648 1595 795 1671 inprobeS,
819 1596 900 1670 quod
926 1595 1099 1671 Apollonius
1125 1605 1282 1671 postquam

134 1673 275 1733 Rhodum
295 1676 452 1746 secesserit,
472 1695 541 1734 uere
558 1676 688 1735 Graecus
709 1687 797 1752 poeta
819 1677 950 1736 euaserit.
994 1675 1072 1735 Nam
1093 1693 1153 1751 quo
1175 1676 1282 1737 diutius

132 1755 207 1813 inter
232 1755 362 1816 Graecos
389 1767 586 1816 commoratus
611 1767 662 1827 est,
687 1757 744 1816 hoc
771 1758 836 1834 plus
861 1776 893 1816 se
917 1757 1075 1816 excolebat.
1118 1756 1178 1828 Qui
1203 1757 1282 1818 siin

133 1836 216 1895 Ibide
231 1847 381 1913 tamquam
395 1838 553 1915 Aegyptius
567 1839 732 1898 diffamatus
746 1849 790 1897 est
804 1858 821 1898 a
833 1839 947 1898 Graeco
961 1848 991 1897 et
1003 1839 1176 1912 βαρβαρίζων,
1188 1839 1283 1914 potuit

132 1915 328 1977 Callimachus
353 1930 384 1977 ut
408 1920 550 1978 inerudito
575 1920 745 1990 doctrinam,
771 1921 812 1979 sic
838 1921 975 1996 Aegypto
997 1920 1204 1979 Alexandriam
1228 1937 1282 1995 op-

132 2016 252 2075 ponere.
288 1999 337 2057 An
351 2009 379 2058 et
394 2000 525 2077 Serapio,
539 2002 589 2078 qui
604 2003 676 2060 deus
689 2003 726 2059 ab
741 2002 945 2060 Alexandrinis
963 2003 1148 2077 potissimum
1167 2000 1282 2059 coleba-

132 2090 187 2150 tur,
209 2081 311 2139 ceteris
332 2081 545 2158 Aegyptiorum
566 2083 734 2141 numinibus
759 2083 921 2158 opposuit?
957 2082 1044 2142 Certe
1066 2083 1096 2140 in
1117 2082 1210 2140 anulis
1232 2081 1283 2157 qui

135 2160 283 2238 Serapidis
300 2173 389 2238 caput
408 2163 585 2239 insculptum
606 2173 711 2239 gerunt
729 2163 884 2239 inscriptos
903 2163 1000 2221 titulus
1019 2164 1122 2222 dicitur
1139 2163 1282 2238 aKingio

133 2241 274 2319 (Antique
284 2243 376 2302 Gems
386 2264 414 2322 p.
428 2247 499 2318 340)
515 2245 559 2303 his
570 2246 665 2304 uerbis
680 2255 785 2302 urxao
801 2255 943 2301 cnrnnrc
957 2255 1025 2300 rou
1039 2254 1191 2303 ueouou.
1213 2244 1284 2304 Hoc

134 2325 158 2382 si
177 2335 327 2400 tamquam
346 2327 495 2402 proprium
513 2344 618 2384 munus
635 2327 749 2402 Serapis
768 2326 875 2397 habuit,
891 2326 921 2383 id
942 2337 1040 2384 autem
1062 2345 1123 2385 nou
1143 2325 1234 2384 semel
1253 2327 1283 2383 in

134 2404 307 2464 Callimachi
321 2407 433 2482 scriptis
450 2408 595 2465 inuenitur
611 2417 643 2466 ut
657 2407 796 2467 Liuorem
814 2407 861 2466 uel
876 2408 1021 2469 Inuidiam
1039 2426 1056 2465 a
1077 2425 1108 2466 se
1122 2407 1283 2477 amoliatur,

134 2486 164 2544 in
178 2486 263 2546 huius
278 2506 396 2564 quoque
411 2488 501 2560 Ibide,
516 2490 557 2548 sic
571 2498 603 2547 ut
617 2489 647 2547 in
663 2488 818 2560 Ouidiana,
833 2489 914 2548 latuit
928 2488 1051 2548 fortasse
1066 2489 1186 2565 relligio.

688 2663 752 2737 lV.

175 2811 285 2871 Contra
305 2813 454 2871 inimicum
475 2831 568 2886 suum,
591 2814 722 2890 quisquis
742 2813 803 2884 fuit,
825 2822 906 2871 tanto
928 2812 1021 2888 magis
1043 2809 1168 2869 Ouidius
1190 2811 1286 2868 saeui-

135 2901 215 2950 turus
236 2903 305 2962 erat,
321 2904 429 2969 quanto
447 2895 587 2953 maiorem
601 2897 735 2953 iniuriam
753 2895 952 2953 ulciscebatur.
994 2891 1073 2950 Nam
1088 2891 1284 2951 Callimachus

134 2975 253 3032 riualem
273 2974 391 3033 ludebat
411 2977 509 3052 potius
531 2995 619 3054 quam
640 2977 749 3045 oderat,
764 2993 890 3051 eumque
912 2975 1028 3033 exulem
1050 2972 1126 3042 lecit,
1141 2991 1204 3031 non
1220 2972 1283 3048 ipse

134 3055 203 3113 exul
217 3057 255 3113 ab
269 3073 305 3114 eo
320 3055 412 3114 lactus
427 3067 479 3116 est.
522 3056 630 3117 Ouidio
650 3075 726 3133 quae
745 3057 861 3132 grauior
878 3064 993 3130 poterat
1010 3053 1141 3112 accidere
1158 3053 1283 3112 iniuria?

134 3137 216 3196 Vidit
229 3155 261 3196 se
276 3155 312 3194 ex
327 3154 441 3196 summa
455 3137 570 3197 fortuna
584 3157 618 3197 ac
633 3138 766 3196 felicitate
780 3137 924 3195 deiectum
939 3145 1073 3211 repente;
1092 3133 1190 3192 Roma
1204 3134 1284 3192 abire

135 3217 231 3276 iussus
242 3227 285 3276 est
296 3217 348 3276 sed
359 3229 387 3277 et
398 3219 494 3278 hieme
509 3231 537 3279 et
551 3221 580 3277 in
594 3220 678 3282 locos
689 3218 836 3289 desertos;
855 3216 986 3293 publicus
1000 3227 1088 3292 poeta
1101 3233 1138 3273 ex
1149 3215 1283 3273 omnium

135 3309 295 3374 conspectu
316 3301 440 3371 secessit.
485 3300 563 3360 Nam
584 3301 768 3377 Cyrenaeum
789 3299 907 3374 quidem
929 3297 1085 3374 populares
1107 3297 1151 3355 sui
1171 3306 1283 3369 norant,

135 3390 220 3438 norat
234 3380 429 3453 Alexandria;
455 3384 549 3458 potuit
564 3383 651 3440 etiam
666 3381 797 3440 Athenas
817 3390 846 3438 et
864 3380 895 3437 in
910 3380 1011 3437 Asiam
1024 3377 1191 3454 insulasque
1206 3377 1284 3438 fama

134 3462 296 3537 peruenire.
337 3462 377 3519 At
398 3463 536 3524 Ouidium
558 3474 636 3522 totus
657 3473 797 3521 terrarum
821 3461 909 3532 orbiS,
930 3460 1026 3519 omnis
1047 3460 1117 3519 urbs
1138 3459 1283 3520 Romanis

135 3543 251 3601 subdita
265 3543 442 3604 celebrabat:
465 3554 634 3620 tantumque
648 3545 722 3603 inter
736 3543 870 3620 aequales
885 3543 1040 3613 eminebat,
1054 3551 1086 3600 ut
1100 3550 1167 3617 post
1177 3541 1282 3618 Vergi-
1319 3605 1323 3611 ,

134 3623 205 3681 lium
220 3623 434 3702 Horatiumque
447 3636 596 3704 tamquam
610 3629 714 3685 unicus
728 3637 816 3701 poeta
830 3634 1016 3701 spectaretur.
1052 3623 1116 3681 Iam
1130 3623 1283 3699 recordare

136 3706 229 3782 qualis
248 3706 291 3763 uir
308 3706 400 3779 fuerit,
417 3717 527 3784 quanto
547 3708 632 3779 cultu,
653 3726 742 3784 quam
761 3707 903 3782 exquisita
924 3715 992 3776 arte,
1012 3705 1117 3775 studi0‚
1132 3705 1264 3764 doctrina
1272 3724 1283 3781 ;

135 3805 235 3846 rursus
250 3806 338 3865 quam
353 3789 477 3865 simplex
491 3790 699 3865 candidusque,
714 3789 809 3864 plane,
824 3786 904 3864 quod
918 3786 987 3845 dicit
1001 3786 1084 3845 Plato
1096 3785 1184 3865 (Rep.
1200 3784 1282 3865 495),

136 3870 186 3925 ὑπὸ
202 3873 294 3944 φυγῆς
316 3872 479 3943 καταληφθὲν
497 3877 613 3946 γενναῖον
633 3874 673 3927 καὶ
696 3870 725 3926 εὔ
747 3871 919 3944 τεθραμμένον
939 3867 1008 3938 ἦθος.
1061 3866 1140 3924 Nam
1164 3876 1196 3925 ut
1219 3868 1283 3942 ipse

136 3959 255 4012 testatur
269 3950 357 4009 Trist.
371 3952 397 4010 ii.
414 3955 472 4026 563
488 3971 551 4029 sqq.
718 4024 722 4031 ,

300 4032 370 4091 Non
390 4051 447 4109 ego
467 4034 597 4092 mordaci
618 4033 755 4092 destrinxi
776 4032 902 4091 carmine
925 4047 1112 4107 quemquam,

343 4114 406 4173 Nec
427 4134 510 4174 meus
531 4116 615 4174 ullius
635 4115 756 4173 crimina
777 4130 878 4185 uersus
899 4111 994 4169 habet.

253 4250 257 4262 .
300 4194 450 4256 Candidus
471 4216 489 4255 a
510 4196 617 4256 salibus
639 4196 756 4255 suffusis
777 4194 840 4252 felle
861 4192 963 4268 refugi.

342 4277 430 4335 Nulla
450 4288 595 4336 uenenato
616 4278 708 4336 littera
729 4277 820 4334 mixta
839 4275 905 4333 ioco
927 4283 979 4332 est.

302 4357 382 4416 lnter
402 4369 445 4416 tot
466 4359 575 4434 populi,
597 4369 640 4417 tot
661 4359 759 4434 scripti
780 4356 868 4414 millia
889 4356 988 4426 nostri,

343 4438 441 4509 Quem
463 4458 529 4498 mea
551 4439 681 4516 Calliope
702 4439 822 4509 laeserit,
845 4455 920 4496 unus
942 4456 1008 4514 ego,
