3082 4980
242 379 293 440 lxii
672 377 1000 441 PROLEGOMENA.

246 545 278 594 ut
300 552 354 593 nec
377 533 548 594 Callimachi
572 552 661 611 quem
686 533 756 595 alias
781 552 843 593 non
865 552 930 594 raro
954 534 1112 610 usurpauit,
1136 551 1192 594 nec
1215 531 1399 592 Cleombroti

246 617 403 692 uestigium
421 617 596 690 seruauerit;
617 616 691 676 falsa
710 617 811 674 omnia
827 634 920 692 eaque
939 616 1090 692 perinepta
1109 615 1146 674 de
1160 614 1312 675 Alcibiade
1327 633 1399 675 con-

246 698 368 756 finxerit
414 696 527 758 Rursus
548 697 767 757 considerentur
787 697 898 757 scholia
920 712 979 772 475
999 697 1036 759 de
1056 696 1256 767 Telchinibus,
1279 699 1335 771 561
1362 698 1399 758 de

247 779 366 838 Haemo
381 789 410 839 et
425 779 584 856 Rhodope.
626 777 700 838 Esto
715 788 747 838 ut
760 797 830 838 uera
844 779 874 837 in
888 779 933 838 his
947 796 1008 837 non
1023 778 1060 837 sit
1074 779 1229 855 explicatio
1243 796 1396 851 uersuum;

244 879 331 922 uerae
346 872 446 920 tamen
459 859 603 932 historiae,
619 878 714 937 neque
728 878 781 921 eae
795 860 939 936 uulgares,
954 869 986 919 ut
1000 877 1018 919 a
1031 861 1112 919 bono
1126 859 1207 919 fonte
1221 859 1398 922 deriuandae
1416 928 1419 935 ,

244 941 358 1002 luerint.
401 941 489 1002 Certe
516 941 663 1002 Leuconis
690 951 720 1002 et
748 942 888 1020 Spartaci,
916 958 1019 1018 regum
1047 941 1142 1012 Ponti,
1171 941 1293 1002 nomina
1320 960 1397 1018 quae

246 1024 419 1084 scholiastae
433 1023 542 1082 habent
557 1023 595 1082 ad
610 1042 670 1098 310
683 1041 754 1084 uera
767 1042 804 1082 ex
820 1041 891 1083 uero
908 1022 997 1093 fonte,
1013 1023 1074 1082 siue
1087 1021 1223 1082 Diodoro
1241 1023 1303 1082 siue
1322 1023 1396 1085 alius

245 1105 311 1180 quis
325 1104 386 1177 fuit,
401 1105 618 1181 profluxerunt:
641 1122 820 1182 quamquam
837 1105 939 1163 dubito
958 1122 1030 1163 num
1050 1104 1087 1163 ad
1102 1104 1156 1164 hos
1176 1104 1295 1164 historia
1308 1105 1396 1181 perti·

245 1196 321 1245 neat.
343 1185 390 1244 Ex
402 1186 535 1245 Diodoro
550 1205 585 1245 ea
599 1196 715 1263 sumpta
728 1196 760 1245 ut
774 1186 885 1257 credas,
896 1195 993 1263 potest
1007 1185 1135 1261 adlegari
1144 1184 1234 1245 schol.
1248 1200 1307 1260 505
1317 1186 1396 1262 quod

245 1285 316 1326 cum
330 1268 360 1326 in
371 1268 520 1344 Saluagnii
531 1268 633 1328 codice
645 1269 686 1328 sic
701 1268 841 1344 scriptum
852 1267 887 1326 sit
897 1266 936 1326 In
946 1266 1150 1342 Andragathriz
1162 1269 1272 1344 regione
1281 1274 1397 1329 uenator

245 1353 321 1408 κ.τ.λ.
337 1360 414 1408 recte
428 1348 578 1410 Ehualdus
597 1349 737 1408 intellexit
757 1366 795 1409 ex
816 1348 939 1408 Diodori
960 1349 1056 1408 uerbis
1071 1348 1107 1408 iv.
1124 1367 1159 1407 22
1175 1352 1283 1423 κυνηγὸν
1296 1352 1324 1405 ἐν
1341 1354 1396 1410 ταῖς

244 1434 308 1486 κατὰ
322 1433 368 1502 τὴν
381 1431 460 1505 θήραν
476 1432 687 1506 ἀνδραγαθήμασι
701 1432 906 1503 διωνομασμένον
919 1436 1055 1506 pendere,
1070 1434 1124 1490 sed
1141 1439 1218 1488 male
1234 1430 1394 1491 intellectis.

243 1511 356 1571 Verum
371 1512 520 1588 SaluagnIi
541 1511 659 1572 codices
682 1512 768 1571 ualde
790 1530 895 1571 uereor
916 1530 954 1571 ne
978 1512 1085 1572 saeculi
1112 1531 1151 1571 xv
1174 1511 1299 1571 suerint:
1332 1512 1395 1572 eius

243 1605 320 1654 certe
335 1612 411 1654 saec.
426 1594 521 1654 codex
535 1604 579 1653 est
594 1594 753 1653 Vaticanus
768 1595 798 1652 in
813 1611 873 1670 quo
888 1593 966 1653 idem
980 1611 1090 1653 nomen
1105 1593 1212 1666 inueni,
1227 1603 1259 1653 ut
1272 1602 1394 1655 testatus

243 1694 309 1734 sum
324 1676 362 1734 ad
375 1676 432 1735 loc.
449 1675 509 1747 Qut
528 1675 624 1736 codex
638 1693 698 1753 quo
713 1675 827 1752 plenius
841 1675 939 1735 locum
953 1674 1078 1734 Diodori
1092 1675 1199 1746 citauit,
1213 1675 1272 1735 hoc
1287 1676 1393 1737 certius

243 1757 405 1816 doctrinam
419 1758 494 1834 sapit
507 1758 686 1816 renascentis
701 1757 850 1827 Graeciae,
866 1757 934 1815 dico
949 1756 1076 1815 emditos
1091 1774 1167 1817 saec.
1183 1775 1230 1816 xv.

283 1838 372 1898 Hanc
386 1840 536 1898 uetustatis
551 1840 731 1915 opinionem,
743 1857 780 1898 ex
794 1839 881 1897 rebus
896 1837 1022 1909 ductam,
1037 1838 1125 1898 etiam
1139 1837 1194 1897 alia
1208 1838 1392 1897 confirmant.

241 1919 329 1979 Velut
351 1921 381 1980 in
403 1920 479 1979 Cet
500 1921 585 1979 Bern.
608 1919 689 1996 quod
713 1919 818 1996 legitur
838 1917 996 1995 Spartacon
1017 1937 1085 1994 310,
1106 1920 1167 1979 edos
1187 1917 1310 1999 (Arolos)
1334 1922 1392 1994 388

243 2003 325 2077 quod
338 2002 368 2061 in
380 2002 414 2072 C,
424 2003 528 2060 ancz'lla
541 2003 674 2078 siquidem
689 2003 773 2061 latria
786 2002 939 2060 uocabatur
951 2015 1007 2077 352
1020 2001 1102 2079 quod
1115 2001 1184 2060 latet
1195 2002 1225 2060 in
1236 2001 1269 2072 P,
1281 2000 1394 2061 Tauros

243 2087 302 2158 384
324 2085 355 2141 in
369 2083 395 2142 C
414 2094 444 2142 et
462 2082 535 2155 Ask,
548 2083 622 2142 Alea
636 2081 744 2161 (Atha)
760 2097 818 2158 507
834 2083 865 2142 in
881 2082 955 2154 Ask,
969 2101 1007 2142 ex
1027 2101 1064 2142 eo
1085 2092 1217 2158 tempore
1238 2093 1393 2159 supersunt

242 2184 303 2242 quo
328 2164 442 2225 Graeca
466 2165 587 2223 nomina
611 2163 726 2224 Graeco
754 2183 837 2224 more
865 2165 1071 2224 scribebantur.
1119 2163 1230 2224 Contra
1258 2164 1339 2242 quod
1363 2163 1393 2224 G

242 2247 330 2305 habet
344 2247 374 2305 in
390 2260 447 2322 547
463 2245 652 2303 Mammertus
666 2246 712 2304 uel
722 2254 752 2306 ta
766 2246 944 2324 diligentiam
959 2247 1138 2307 demonstrat
1157 2246 1268 2307 scribae
1286 2246 1336 2323 qui
1355 2246 1393 2307 de

240 2347 310 2387 uera
323 2327 480 2387 inflexione
495 2327 629 2387 uocabuli
642 2328 811 2388 haesitabat.

284 2409 421 2468 Notiores
441 2407 554 2468 fabulas
570 2409 748 2469 Scholiastae
766 2410 806 2470 ita
828 2418 945 2468 narrant
966 2417 998 2469 ut
1018 2409 1069 2468 ubi
1088 2409 1168 2487 apud
1183 2407 1324 2469 Ouidium
1344 2407 1392 2469 uel

243 2491 366 2550 Statium
385 2499 484 2550 extant
497 2509 534 2549 ex
547 2491 592 2550 his
606 2491 678 2567 ipsis
692 2491 809 2550 duxisse
824 2491 985 2550 uideantur.
1027 2490 1133 2551 Rarius
1149 2490 1240 2551 Seruii
1254 2492 1302 2551 uel
1316 2489 1392 2550 Lac·

241 2573 322 2633 tantii
337 2573 573 2645 commentarios
587 2591 682 2650 neque
701 2590 842 2649 umquam
863 2572 933 2650 ipsis
954 2573 1057 2645 uerbis,
1074 2573 1164 2632 secuti
1185 2582 1260 2632 sunt
1302 2571 1392 2633 Velut

244 2672 302 2730 339
325 2655 362 2713 de
383 2653 539 2713 Palamede
561 2673 637 2730 quae
657 2654 766 2713 habent
781 2653 836 2715 GC
846 2653 910 2714 Ask
930 2663 1031 2713 extant
1050 2672 1086 2713 ea
1107 2654 1225 2731 quidem
1247 2672 1294 2730 ap.
1309 2653 1390 2713 Seru.

242 2736 317 2794 Aen.
329 2736 357 2794 ii.
370 2740 407 2794 82
420 2745 448 2795 et
459 2734 694 2812 Mythographos
704 2735 865 2795 Vaticanos
875 2736 894 2793 i.
907 2750 956 2810 35,
966 2736 994 2795 ii.
1008 2754 1075 2806 200,
1085 2736 1137 2796 sed
1148 2736 1190 2794 eis
1199 2736 1304 2807 uerbis,
1315 2754 1391 2812 quae

242 2818 331 2877 latine
359 2817 500 2877 scientem
529 2818 677 2895 prodant;
713 2817 803 2877 Ibidis
830 2817 1005 2877 scholiastae
1036 2834 1172 2877 sermone
1199 2826 1318 2876 utuntur
1345 2818 1391 2875 in·

242 2908 364 2976 compto
378 2898 559 2977 plerumque,
573 2917 796 2975 nonnumquam
814 2899 937 2959 barbaro
952 2899 998 2958 uel
1012 2898 1042 2957 in
1061 2898 1224 2958 barbariem
1241 2908 1389 2975 uergente.

242 2981 340 3041 Etiam
361 2980 446 3040 Mure
467 2983 517 3059 qui
537 2981 681 3041 Lactantii
702 2981 792 3040 uerba
813 2981 851 3039 ad
873 2980 943 3040 Stat.
957 2980 1051 3041 Achil.
1066 2981 1084 3040 i.
1100 2999 1137 3055 93
1153 2998 1253 3057 presse
1274 2990 1392 3040 secutus

243 3073 296 3135 est,
317 3063 408 3122 multa
428 3074 527 3122 tamen
547 3063 708 3122 inmutauit.
751 3062 816 3121 Iam
834 3063 902 3136 366,
920 3076 989 3138 473,
1005 3075 1063 3136 555
1085 3062 1222 3120 historiae
1243 3061 1392 3122 Oenomai

243 3143 401 3216 Salmonei,
413 3143 517 3204 Glauci
531 3162 681 3222 equarum,
692 3142 786 3203 Ibidis
800 3143 917 3203 scholiis
928 3161 995 3202 cum
1011 3143 1113 3203 Serqu
1127 3153 1156 3202 et
1167 3142 1392 3220 Mythographis

242 3225 393 3286 Vaticanis
411 3244 585 3286 communes
604 3236 679 3286 sunt.
723 3224 781 3284 Sed
797 3224 929 3285 Seruium
943 3224 1150 3301 Mythographi
1170 3226 1392 3301 exscripserunt,

243 3307 334 3368 Ibidis
348 3308 520 3368 scholiastae
533 3309 578 3367 bis
593 3307 721 3366 semelue
734 3306 869 3378 relemnt‚
886 3309 944 3381 366
957 3308 1042 3366 cereis
1051 3307 1166 3378 axr'bus,
1184 3319 1242 3380 555
1256 3307 1392 3366 delacera-

243 3396 351 3449 uerum.
393 3388 461 3461 Qua
475 3390 506 3448 in
524 3408 555 3448 re
575 3389 679 3447 errauit
692 3387 842 3447 Ehualdus
858 3389 928 3447 dum
942 3388 1099 3448 uerborum
1114 3387 1305 3464 deprehendit
1319 3406 1392 3447 cou-

242 3481 362 3530 centum
382 3471 432 3546 qui
453 3479 503 3529 aut
519 3470 614 3529 nullus
632 3481 682 3529 aut
696 3470 883 3529 tenuissimus
900 3479 953 3540 est,
967 3469 1218 3546 quemadmodum
1238 3487 1392 3547 perperam

242 3552 281 3611 ad
299 3552 448 3610 Valerium
468 3551 617 3610 reuocauit
637 3549 747 3610 scholia
768 3551 805 3613 de
825 3549 965 3628 Euripide
985 3561 1015 3609 et
1035 3549 1148 3610 Milone
1171 3563 1239 3624 595,
1262 3554 1330 3628 609,
1352 3550 1392 3610 ad

244 3633 398 3709 Hyginum
420 3634 456 3691 de
474 3632 594 3709 Pelopia
614 3642 643 3692 et
662 3631 836 3709 Nyctimene
853 3649 920 3708 359,
936 3633 972 3692 de
992 3632 1119 3692 Idmone
1140 3642 1169 3691 et
1183 3631 1305 3692 Ancaeo
1321 3647 1391 3710 503,

241 3713 280 3774 de
294 3713 458 3791 Hippolyto
473 3723 581 3791 nepote
595 3713 719 3773 Aethrae
736 3727 804 3790 577.

284 3795 368 3855 Idem
382 3795 531 3855 Ehualdus
546 3815 582 3854 ex
596 3795 736 3873 loquendi
750 3813 858 3872 genere
872 3795 981 3872 colligit
998 3795 1109 3855 scholia
1127 3795 1200 3855 haec
1219 3796 1249 3853 in
1264 3794 1359 3855 Gallia
1373 3815 1392 3856 a

243 3877 349 3938 clerico
376 3877 542 3954 conscripta
569 3876 658 3937 fuisse
686 3878 810 3953 septimo
838 3877 886 3936 uel
913 3887 1019 3938 octavo
1047 3877 1181 3949 saeculo;
1214 3877 1282 3937 dein
1306 3877 1393 3936 huius

242 3959 448 4020 adnotationes
472 3961 517 4019 bis
538 3969 638 4019 auctas
659 3968 688 4019 et
708 3960 864 4018 inmutatas
885 3977 959 4032 esse,
979 3959 1105 4036 primum
1127 3958 1243 4018 decimo
1266 3959 1315 4018 uel
1337 3978 1392 4019 un-

241 4043 357 4102 decImo
382 4042 510 4115 saeculo,
531 4042 635 4100 iterum
656 4052 760 4118 postea
784 4042 822 4099 ab
846 4041 887 4100 eIs
909 4041 947 4100 ad
969 4059 1044 4117 quos
1065 4041 1183 4101 codices
1205 4039 1392 4118 Saluagniani

243 4135 310 4184 sunt
326 4124 477 4184 referendi.
519 4123 594 4200 Ego,
610 4124 660 4202 qui
680 4133 794 4200 praeter
809 4119 834 4181 C
847 4121 912 4182 Ask
932 4131 961 4182 et
983 4122 1179 4198 Saluagniana
1199 4138 1295 4182 nouos
1316 4122 1392 4182 duos

242 4204 297 4266 PG
311 4206 434 4277 excussi,
449 4206 578 4282 intelligo
593 4216 706 4282 praeter
719 4222 819 4264 uersus
838 4204 962 4264 ficticios
978 4222 1014 4264 ac
1035 4205 1156 4263 nomina
1170 4221 1246 4280 quae
1266 4204 1308 4263 eis
1322 4205 1391 4263 sub·

238 4299 396 4348 nectuntur
410 4305 557 4365 perpauca
571 4287 608 4346 ad
621 4305 678 4346 nos
692 4288 732 4345 ita
746 4285 932 4346 descendisse
946 4295 978 4345 ut
991 4304 1149 4347 commune
1163 4285 1281 4362 aliquod
1296 4302 1390 4362 genus

241 4368 357 4428 dicendi
378 4368 409 4427 in
430 4369 464 4428 iis
485 4369 744 4445 inuestigaremus:
767 4386 863 4444 neque
882 4386 918 4427 ex
937 4367 1133 4427 locutionibus
1147 4385 1221 4444 quas
1239 4366 1389 4426 Ehualdus

242 4451 390 4526 congessit
411 4461 534 4509 aetatem
555 4451 759 4510 uniuersorum
779 4449 894 4526 colligo.
936 4447 1057 4510 Habent
1071 4467 1145 4509 sane
1160 4448 1228 4508 Cet
1242 4447 1306 4507 Ask
1320 4465 1388 4507 cum
