3126 4980
235 397 276 457 84
723 390 904 452 SCHOLIA

281 562 348 624 477.
390 547 591 626 Praedaque
630 549 677 607 sis
716 547 793 607 illis.
880 547 987 608 ilasus
1006 546 1058 607 fuit
1076 547 1159 608 filius
1177 547 1255 608 Anii
1278 549 1420 609 sacerdo-

236 631 350 693 Trasus
371 631 446 691 tilius
467 630 534 689 Anii
559 628 716 690 sacerdotis
737 629 794 688 La·
834 631 872 691 tis
889 630 1009 701 Phoebi,
1030 630 1068 689 ad
1087 649 1185 708 quem
1206 650 1286 691 curn
1307 632 1421 691 ueniret

237 723 336 784 tonae‚
356 713 428 772 dum
448 713 502 771 iret
522 710 680 772 accendere
701 712 793 771 lucer·
835 713 929 771 Anius
947 713 1098 789 presbyter
1114 722 1225 784 noctu,
1242 715 1421 772 inuentusa

237 812 307 855 nam
322 795 352 853 in
366 794 477 871 templo
491 805 558 853 ante
578 794 665 862 diem,
682 812 700 851 a
717 793 796 853 cani·
836 794 957 854 canibus
977 793 1014 852 ab
1036 794 1079 852 eis
1101 793 1298 854 dilaceratus
1319 806 1373 868 est,
1391 808 1420 855 ut

237 878 293 937 bns
308 877 465 936 deuoratus
479 886 532 948 est,
548 874 627 934 unde
641 884 714 935 teste
729 873 796 936 Cal·
836 876 876 935 ait
900 875 1085 935 Callimacus
1131 874 1170 936 C.
1231 877 1287 935 uel
1314 888 1349 937 ut
1375 879 1419 936 alii

160 988 161 995 .
237 957 346 1017 limaco
367 975 429 1016 non
451 957 568 1021 fuerunt
589 975 677 1016 canes
695 957 726 1016 in
746 957 796 1015 illo
837 957 955 1016 dicunt:
981 956 1101 1029 Trasus,
1118 975 1195 1016 cum
1212 970 1337 1034 peteret
1348 970 1418 1019 tem-

238 1038 357 1115 templo.
402 1037 439 1098 G.
837 1039 919 1116 plum
932 1038 1048 1097 Dianae
1062 1039 1146 1114 quod
1169 1058 1189 1097 a
1205 1040 1342 1100 canibus
1357 1061 1417 1101 cus-

1522 490 1527 524 i

1523 525 1527 553 t

282 1119 425 1180 Sacerdos
442 1120 589 1198 Apollinis
609 1119 686 1178 Delii
700 1118 795 1178 Anius
837 1121 1009 1192 todiebatur,
1020 1121 1164 1197 quoniam
1181 1117 1283 1202 [ipsa]
1301 1134 1349 1181 est
1364 1125 1417 1183 dea
1525 1103 1528 1177 J

239 1201 302 1262 fuit.
352 1202 390 1260 ad
412 1220 500 1279 quem
522 1219 590 1262 cum
610 1202 740 1261 uenisset
759 1200 795 1261 de
837 1202 1001 1261 uenationis
1025 1211 1054 1260 et
1081 1218 1205 1274 canum,
1233 1205 1416 1264 dilaceratus
1526 1262 1527 1266 ,

239 1293 327 1343 nocte
342 1282 417 1342 filius
431 1284 493 1343 eius
507 1282 620 1342 Trasus
639 1302 656 1342 a
675 1283 797 1342 canibus
836 1293 881 1342 est
895 1285 933 1342 ab
947 1283 1017 1360 ipsis
1031 1283 1166 1343 canibus.
1211 1303 1253 1342 ex
1267 1286 1326 1355 ,illo
1342 1297 1413 1346 tem·
1514 1274 1531 1338 j.

239 1365 365 1425 laniatus
383 1374 433 1423 est
478 1365 557 1424 unde
575 1364 683 1423 Delum
701 1364 796 1423 nullus
837 1383 909 1442 pore
928 1365 1020 1424 Delos
1035 1382 1129 1423 canes.
1147 1383 1215 1424 non
1234 1365 1344 1427 habet.
1390 1368 1417 1428 C

238 1448 320 1506 canis
339 1446 452 1506 accedit
470 1456 588 1506 auctore
603 1445 796 1507 Calhmacho.
836 1448 994 1523 similiaque
1007 1445 1077 1505 Asi.

237 1527 279 1600 P,
293 1534 320 1586 et
330 1525 555 1606 cod,Salnognz'z'
565 1547 625 1587 cam
639 1528 679 1586 aa.
694 1528 795 1588 Paria

238 1624 330 1686 1573·

281 1705 351 1768 479.
372 1691 609 1769 speculantem
629 1691 723 1751 labra
740 1691 798 1749 Di·
840 1739 841 1743 ,
880 1692 1047 1768 Descriptio
1075 1702 1119 1750 est
1145 1692 1323 1754 Actaeonis
1352 1697 1411 1772 qui,

239 1791 333 1834 anae.
378 1773 532 1836 Actaeona
545 1774 645 1850 tangit.
691 1771 728 1832 G.
838 1791 907 1834 cum
935 1774 1044 1836 uideret
1071 1772 1203 1833 Dianam
1233 1795 1321 1853 quae
1351 1779 1409 1837 bal-

839 1857 945 1915 neabat
970 1874 1001 1914 se
1025 1856 1175 1926 nudatam,
1200 1869 1341 1918 mutatus
1366 1870 1410 1918 est

839 1938 869 1996 in
895 1956 1021 2009 ceruum,
1037 1947 1065 1996 et
1086 1956 1104 1995 a
1124 1940 1258 2015 propriis
1283 1942 1408 2001 canibus

840 2019 1010 2078 dilaceratus
1029 2018 1090 2078 tuit.
1131 2019 1232 2078 labra
1255 2022 1407 2094 inferiora,
1463 2055 1466 2062 ·

769 2124 770 2127 ¹
840 2118 862 2160 s.
877 2100 996 2160 uuluam
1010 2100 1158 2159 labratam.
1207 2101 1242 2161 C.

283 2186 352 2255 480.
382 2181 520 2260 Quique
549 2180 798 2257 Crotopiaden.
881 2181 1000 2259 Apollo,
1010 2182 1230 2255 nictoPithone
1256 2198 1406 2262 serpente,

242 2263 350 2322 Linum
365 2264 456 2322 filium
471 2264 617 2341 Apollinis
637 2282 654 2322 a
675 2263 798 2340 pastori·
840 2264 921 2323 uenit
941 2264 979 2323 ad
999 2264 1122 2322 domum
1144 2263 1276 2342 Crotopi
1301 2265 1349 2348 [s.
1370 2269 1406 2327 ad

240 2347 296 2406 bus
320 2345 457 2404 nutritum
480 2356 509 2404 et
530 2365 548 2404 a
568 2346 689 2405 canibus
710 2344 800 2404 deuo·
840 2346 928 2404 filiam
961 2346 1081 2405 nomine
1111 2344 1297 2428 Salmacem]
1330 2368 1407 2427 quae

241 2436 346 2486 ratum.
392 2426 428 2487 G.
840 2427 961 2485 domum
991 2427 1178 2500 custodiebat,
1206 2438 1239 2486 et
1271 2449 1343 2488 curn
1372 2450 1407 2490 ea

281 2509 443 2568 Psamathe
454 2508 575 2586 Crotopi
586 2509 643 2567 filia
654 2507 798 2584 luit,quae
840 2510 1039 2570 concumbens
1058 2509 1158 2585 genuit
1172 2509 1269 2567 filium
1285 2511 1406 2585 Linum,

239 2591 278 2652 de
301 2591 438 2669 Apolline
456 2591 555 2662 tilium,
572 2609 595 2650 s.
616 2589 732 2658 Linum,
747 2590 797 2648 ha·
841 2586 942 2672 [quem
963 2591 1027 2666 ipsa
1047 2592 1155 2666 pastori
1176 2592 1302 2652 cuidam
1322 2613 1406 2654 com-

238 2674 312 2746 ·buit,
328 2690 417 2750 quem
432 2690 520 2732 canes
535 2672 733 2731 comederunt.
758 2671 795 2731 P.
839 2672 989 2731 mendauit
1008 2672 1046 2730 ad
1065 2673 1256 2731 nutriendum
1267 2671 1293 2756 5]
1317 2695 1408 2754 quem

840 2755 955 2813 incaute
967 2754 1130 2829 depositum
1142 2753 1186 2813 sui
1198 2773 1293 2816 canes
1306 2777 1408 2817 come-

838 2835 951 2907 derunt,
966 2845 998 2893 ut
1012 2837 1040 2895 d.
1055 2836 1170 2895 Statius.
1218 2835 1246 2896 C
1259 2847 1290 2896 et
1302 2841 1375 2899 Ask.

240 2904 246 2995 ¹.
284 2918 352 2988 482.
375 2915 503 2991 Oeagri
531 2915 775 2994 Calliopesque
805 2935 919 2976 nurus.
943 2917 1095 2977 vEur-idice
1130 2936 1206 2975 uxor
1234 2918 1325 2981 Orsei
1358 2923 1408 2980 filii
1514 2933 1515 2937 ’

236 2997 350 3074 'Oeagri
379 3009 408 3057 et
432 2997 588 3074 Caliropes,
612 2999 773 3058 secundum
801 2999 873 3058 alios
900 2999 949 3058 filii
973 2999 1087 3059 Phoebi
1111 3009 1140 3058 ct
1162 2997 1253 3058 Calli.
1284 3003 1409 3080 fugiens

238 3081 414 3152 Aristaeum,
434 3098 452 3139 a
474 3088 607 3156 serpente
628 3097 767 3154 percussa
787 3081 899 3140 interiit.
946 3079 983 3140 G.

284 3165 353 3239 483.
379 3162 490 3235 Quam
514 3180 598 3238 puer
624 3161 797 3240 Hypsipy-
883 3158 984 3243 [Puer]
1027 3163 1233 3235 Archemorus,
1282 3165 1411 3245 Licurgi

242 3244 301 3305 les.
358 3244 470 3321 Tangit
496 3243 533 3303 de
560 3243 742 3304 Archemoro
769 3253 799 3303 et
839 3244 922 3315 iilius,
937 3263 954 3304 a
972 3255 1106 3322 serpente
1124 3244 1326 3323 interemptus
1345 3262 1392 3310 est
1403 3271 1412 3324 3

279 3388 341 3440 477.
359 3376 424 3444 Hyg.
439 3387 488 3439 247
504 3373 623 3427 Thasius
636 3374 709 3428 Delo
721 3374 785 3428 Anii
802 3375 953 3429 sacerdotis
965 3374 1098 3443 Apollinis
1115 3373 1200 3428 filius:
1221 3390 1257 3428 ex
1278 3393 1318 3431 eo
1333 3380 1412 3434 Delo

227 3446 334 3501 nullus
352 3447 428 3498 canis
444 3452 494 3498 est.
530 3447 633 3499 Similia
652 3447 730 3501 Mare
747 3467 770 3501 s.
783 3468 808 3502 a.
827 3445 932 3499 Trasus
950 3446 1020 3500 filius
1036 3446 1186 3503 sacerdotis
1205 3449 1361 3514 appollinis
1382 3453 1412 3505 in

243 3515 307 3569 delo
319 3514 406 3569 insula
418 3515 452 3568 de
466 3521 549 3568 nocte
561 3515 597 3568 ad
609 3522 715 3585 patrem
727 3533 807 3571 suum
820 3519 952 3571 accedere
965 3517 1060 3571 uolens
1077 3535 1093 3570 a
1111 3517 1224 3570 canibus
1242 3521 1295 3586 qui
1316 3522 1412 3590 ipsum

244 3584 437 3644 custodiebant
456 3584 621 3640 dilaceratus
642 3594 694 3642 est.
729 3588 803 3642 unde
824 3593 920 3656 postea
942 3604 1024 3642 canes
1043 3588 1143 3642 remoti
1165 3593 1239 3642 sunt.
1279 3595 1361 3646 annii
1387 3596 1411 3648 G

244 3661 342 3709 autore
356 3656 515 3709 Calimacho
527 3660 551 3710 P
562 3660 631 3711 caius
647 3659 757 3713 scholion
773 3661 861 3714 iisdem
873 3663 932 3722 fere
948 3660 1032 3714 uerbis
1049 3670 1189 3730 conceptum
1200 3672 1239 3714 est
1251 3665 1351 3728 quibus
1364 3679 1412 3735 ap.

244 3728 318 3780 Sala.
330 3738 358 3781 et·
366 3728 405 3780 ed.
417 3729 505 3780 Paris.
523 3742 588 3793 1573
675 3728 797 3784 ResusG
878 3731 974 3785 anaiG
1056 3731 1166 3785 resusG
1251 3730 1349 3788 Resus
1363 3737 1414 3794 uel

241 3804 409 3851 trasuscum
421 3802 530 3866 peteret
545 3803 566 3852 t.
579 3798 675 3852 dianae
689 3802 752 3855 Ast.
818 3801 886 3870 ipsa]
902 3822 950 3856 om.
963 3803 1030 3856 Ask.
1100 3807 1143 3854 est
1156 3800 1190 3853 ab
1203 3800 1267 3869 ipsis
1281 3819 1310 3859 c.
1324 3806 1412 3862 dilac.
1457 3814 1460 3817 ’

245 3885 310 3924 curn
323 3884 406 3922 nemo
418 3868 518 3922 debeat
530 3869 634 3936 ingredi
648 3876 712 3923 ante
725 3872 799 3925 diem
811 3878 841 3925 et
854 3874 920 3926 Ask.
990 3871 1087 3926 habuit
1099 3874 1163 3926 Ask.

283 3946 344 4007 480.
362 3940 608 4010 AmatececdpiP
679 3942 812 3996 limumP
847 3940 1033 4012 ‘phitoneG
1101 3959 1124 3996 s.
1133 3941 1168 3994 ad
1181 3940 1265 3994 filiam
1281 3948 1407 4004 nomine

244 4011 409 4082 Salmacem]
424 4032 472 4067 om.
485 4014 513 4079 G,
525 4033 556 4066 ex
568 4014 634 4067 Ask.
647 4015 773 4096 suppleat
797 4011 1105 4084 quem-nutriendum]
1119 4032 1172 4068 om..
1180 4015 1247 4067 Ask.
1327 4021 1414 4075 Mure

243 4086 321 4139 habet
340 4085 435 4155 Lynus
454 4100 539 4152 nepos
560 4084 696 4152 crothopn
717 4100 788 4151 regis
805 4084 961 4150 argiourum
982 4083 1041 4154 (sic)
1061 4102 1077 4137 a
1097 4089 1186 4137 matre
1203 4086 1322 4152 propria
1342 4093 1413 4160 quia
1521 4088 1522 4091 ’

243 4157 353 4225 appollo
365 4162 539 4224 stuprauerat
551 4157 653 4224 pastori
665 4156 762 4209 missus
773 4155 808 4208 ad
820 4156 958 4209 allendum
970 4172 986 4209 a
998 4155 1109 4208 canibus
1121 4155 1272 4208 dilaceatur
1288 4156 1365 4230 (sic).

283 4233 344 4293 482.
363 4227 511 4294 eenagriG
570 4229 630 4281 s.G
689 4226 784 4281 febiG
846 4226 944 4280 cali.G
1010 4226 1067 4296 filii]
1082 4226 1187 4280 filiusG
1244 4229 1412 4296 Apollod.1.

248 4316 272 4363 3.
288 4317 301 4350 a
316 4301 466 4365 Καλλιόπης
478 4299 518 4351 καὶ
533 4298 645 4368 Οἰάγρου
658 4298 712 4351 κατ’
726 4297 863 4365 ἐπίκλησιν
876 4297 904 4351 δὲ
916 4295 1081 4352 Ἀπόλλωνος
1094 4299 1169 4352 Ainos
1182 4296 1222 4349 καὶ
1234 4295 1368 4368 Ὀρφεύς,

283 4374 344 4434 483.
363 4375 461 4423 terone
476 4370 500 4422 G
560 4370 638 4438 Apud
649 4371 764 4422 Seruium
777 4370 814 4423 ad
824 4371 889 4422 Aen.
903 4371 940 4422 ΙΙ.
956 4387 1003 4422 211
1009 4368 1083 4436 filios
1098 4370 1243 4422 Laocoontis
1257 4371 1411 4431 Ethronem

247 4451 271 4492 et
284 4440 446 4493 Melanthum
463 4441 634 4493 thessandras
652 4441 713 4493 dicit
732 4440 773 4492 abi
789 4440 951 4493 Theronem
971 4441 1087 4494 conicias.
1106 4442 1139 4507 cf.
1158 4443 1246 4492 l'zetz.
1265 4442 1356 4500 Schol.
1372 4451 1415 4502 ad

247 4510 307 4580 Lyc.
323 4527 371 4576 344
386 4511 521 4566 dorixorrres
532 4511 577 4564 τὸν
588 4509 667 4565 παῖδα
679 4513 725 4564 τοῦ
736 4512 894 4566 Λαοκόοντος
906 4510 1009 4565 ἀνεῖλον
1064 4551 1071 4566 .
1084 4550 1091 4565 .
1105 4509 1144 4565 ὅτι
1157 4510 1192 4580 τῷ
1206 4509 1299 4580 δόρατι
1310 4517 1412 4573 Basileia
