3082 4980
557 335 884 397 PROLEGOMENA.
1123 379 1124 382 =
1226 345 1296 402 xxxi

144 494 265 554 homine
279 513 331 570 per
345 493 406 552 Isin
421 495 459 552 ad
474 493 595 552 salutern
614 496 757 570 perducto
778 495 920 554 dicuntur.
961 495 1059 555 Etiam
1073 497 1143 557 illud
1158 499 1238 575 quod
1252 509 1297 558 est

144 576 175 634 in
190 575 273 635 Ibide
291 577 347 634 208
363 574 424 634 Ora
439 577 502 636 lieet
513 577 624 634 tribuas
637 578 822 651 multiplicata
836 577 912 634 nelli
921 587 950 636 et
961 577 1049 638 Trist.
1063 580 1080 637 i.
1094 593 1120 653 5.
1133 594 1171 654 53
1187 578 1226 638 Si
1236 599 1296 639 uox

145 658 302 737 infragilis,
314 664 405 733 peetus
418 658 493 714 rnilei
503 658 623 734 firmius
636 664 709 729 esset,
724 657 870 733 Pluraque
889 677 950 716 cum
972 660 1078 735 linguis
1093 661 1225 735 pluribus
1246 681 1297 720 ara

132 741 243 818 flerent,
268 739 337 798 Nan
360 746 450 797 tamen
477 740 580 797 ealcirca
607 740 793 814 complecterer
819 740 911 798 ornne'a
939 741 1040 811 nerbas,
1064 741 1194 800 Materia
1221 745 1297 801 uires
1363 762 1367 767 “

145 828 329 896 exsuperante
344 840 425 891 meas,
440 819 519 878 idem
539 821 569 878 in
591 821 749 880 referendis
769 822 903 880 laudibus
925 821 1011 880 Isidis
1031 822 1142 881 inducit
1156 824 1296 899 Apuleius

145 902 182 958 xi.
200 915 237 975 25
252 901 314 960 Nec
334 903 496 960 nathinaeis
517 903 625 959 ubertas
646 903 687 959 ad
703 903 817 960 de'cenda
836 922 906 979 quae
926 904 957 960 de
980 922 1033 961 sua
1054 907 1193 963 maiestate
1212 907 1297 963 sentia

143 983 247 1060 sufficit
264 1003 310 1040 nec
330 1002 380 1042 ara
402 983 476 1040 melle
496 983 659 1059 linguaeque
679 985 784 1042 tatea'ern
806 986 853 1042 uel
874 985 1008 1061 indefessi
1027 988 1160 1044 sermonis
1184 993 1296 1044 aeterna

144 1066 236 1123 seriis
286 1064 408 1141 Propius
430 1083 447 1123 a
472 1065 563 1123 uerbo
588 1065 731 1123 accedunt
756 1065 891 1142 quamuis
912 1066 1001 1142 paulo
1022 1066 1103 1125 aliter
1124 1067 1239 1126 deflexa
1260 1067 1297 1126 sit

145 1146 247 1217 orabo,
256 1145 305 1204 illa
315 1145 432 1221 Apuleii
444 1147 480 1204 xi.
494 1149 511 1204 6
522 1164 583 1221 quo
594 1145 649 1205 Isis
660 1147 800 1205 cultorem
810 1165 895 1206 suum
906 1147 1061 1223 alloquitur
1071 1147 1134 1207 Nec
1144 1150 1296 1220 inaurium,

144 1228 224 1285 cutus
237 1227 362 1304 beneficia
375 1228 493 1285 redieris
507 1228 685 1297 adhumanas,
701 1230 822 1286 citatum
842 1229 933 1287 debere
951 1230 1025 1304 quad
1035 1230 1113 1286 uiues
1127 1230 1155 1288 h.
1166 1249 1191 1288 e.
1206 1248 1297 1289 omne

145 1306 274 1367 futurum
288 1318 404 1384 tempus
418 1309 494 1366 uitae
510 1318 586 1380 tuae,
601 1318 630 1367 et
643 1308 730 1367 Trist.
741 1327 767 1367 v.
784 1329 810 1381 4.
825 1328 859 1367 22
876 1309 1003 1386 Denique
1015 1310 1088 1385 quael
1098 1313 1185 1384 uruat,
1195 1330 1297 1369 munus

145 1389 378 1447 habueritne.
393 1390 474 1464 quod
487 1390 575 1460 uiuat,
589 1408 645 1448 uec
659 1390 734 1448 mori
748 1400 867 1449 coactus
882 1392 927 1449 sit.

188 1469 248 1528 Sed
262 1470 354 1528 multo
369 1471 463 1545 magis
477 1489 523 1528 res
537 1471 631 1529 elucet
645 1489 682 1528 ex
696 1472 762 1547 ipso
778 1473 905 1530 carmine
920 1470 1020 1531 Ibidis.
1062 1471 1142 1531 Nam
1161 1491 1223 1532 non
1242 1473 1297 1532 ista

147 1552 243 1612 solum
262 1553 381 1630 quaein
397 1551 484 1610 Trist.
500 1562 528 1610 et
542 1551 681 1628 Epistulis
699 1570 736 1609 ex
751 1551 851 1611 Ponto·
863 1553 943 1612 attuli
957 1554 1044 1611 etiam
1058 1554 1089 1611 In
1104 1554 1188 1613 Ibide
1202 1573 1298 1613 recur-

146 1645 222 1706 runt,
237 1655 262 1694 e.
272 1653 300 1710 g.
319 1653 353 1709 13
378 1633 550 1708 Vulneraque
566 1634 674 1691 inruetis
690 1635 810 1708 requiem
828 1636 988 1709 quaerentia
1006 1641 1102 1706 uexat,
1118 1635 1212 1695 cf.1b.
1229 1650 1297 1711 247,

151 1720 249 1793 17,18
269 1716 391 1790 Cumque
408 1735 455 1790 ega
475 1734 576 1789 quassa
596 1734 668 1772 meae
686 1717 838 1790 conplectar
857 1716 978 1774 membra
998 1718 1112 1774 cart'reae
1132 1716 1301 1798 Naufragii

143 1799 385 1873 'tabulas‘pugnat
402 1796 501 1855 habere
521 1798 577 1854 nei
594 1795 645 1854 sed
665 1803 759 1855 totum
779 1796 906 1856 Carmen
927 1797 965 1856 ad
984 1798 1153 1874 Aegyptum
1174 1799 1249 1857 redit
1269 1809 1299 1858 et
1384 1812 1386 1814 ’

145 1882 221 1939 Inter
241 1879 423 1955 Aegyptiace
443 1888 580 1936 uersatur.
625 1877 684 1936 Sed
704 1878 862 1954 repetenda
882 1898 928 1939 res
947 1879 1041 1951 altius,
1062 1889 1091 1937 et
1111 1879 1150 1938 ad
1170 1879 1298 1957 origines

146 1962 282 2021 uocanda
303 1972 356 2020 est.

698 2077 748 2149 II.
1290 2067 1297 2097 '

188 2211 350 2287 Scripserat
374 2227 492 2268 carmen
515 2208 581 2267 Ibin
604 2207 809 2281 Callimachus,
834 2220 922 2287 poeta
946 2210 1171 2282 Alexandrinus
1197 2220 1299 2271 contra

145 2293 298 2351 inimicum
313 2310 400 2368 quem
416 2291 520 2350 Suidas
536 2290 709 2366 discipulum
723 2291 785 2350 eius
800 2292 1002 2369 Apollonium,
1017 2295 1188 2370 scriptorem
1202 2295 1299 2371 Argo-

147 2376 342 2443 nauticorum,
357 2373 447 2431 fuisse
464 2372 550 2430 tradit
568 2391 628 2430 su.
643 2370 819 2446 Καλλίμαχος.
847 2380 904 2430 Τῶν
918 2377 946 2429 δὲ
966 2377 1045 2431 αὐτοῦ
1059 2379 1172 2443 βιβλίων
1186 2377 1244 2432 ἐστὶ
1258 2378 1299 2432 καὶ

146 2462 226 2512 ταῦτα
242 2501 247 2514 .
263 2499 269 2512 .
285 2498 292 2513 .
309 2453 400 2521 ,ἸβιςΙ
423 2457 481 2510 ἔστι
500 2456 527 2509 δὲ
548 2459 643 2524 ποίημα
664 2455 884 2525 ἐπιτετηδευμένον
897 2458 934 2513 εἷς
953 2457 1085 2530 ἀσάφειαν
1099 2460 1140 2513 καὶ
1160 2459 1298 2530 λοιδορίαν,

147 2537 185 2596 r'ls
197 2561 253 2594 τινα
262 2535 339 2607 Ἶβιν,
353 2539 491 2610 γενόμενον
502 2538 596 2608 ἐχθρὸν
611 2537 787 2608 Καλλιμάχου·
809 2536 839 2606 ἦν
853 2538 880 2591 δὲ
894 2538 969 2595 οὗτος
977 2536 1152 2596 Ἀπολλώνιος
1166 2542 1180 2594 o‘
1193 2541 1301 2612 γράψας

147 2622 180 2674 τὰ
192 2618 383 2692 Ἀργοναυτικά.
416 2615 514 2674 Huius
529 2616 695 2675 inimicitiae
710 2635 797 2675 causa
811 2635 887 2694 quae
902 2617 987 2676 fuerit
1000 2620 1127 2678 nescitur
1135 2639 1143 2691 ;
1166 2637 1183 2677 a
1197 2619 1299 2695 pleris-

148 2719 205 2776 que
227 2699 357 2758 creditur
371 2708 435 2757 orta
455 2717 491 2756 ex
512 2698 621 2756 inuidia
642 2716 717 2773 quae
737 2699 813 2756 inter
831 2698 934 2758 riuales
949 2719 985 2758 ex
1000 2701 1178 2759 carminibus
1192 2718 1299 2777 proue-

147 2781 230 2839 nerit.
273 2779 396 2838 Constat
410 2780 601 2855 Apollonium
621 2780 759 2838 eductum
777 2780 807 2837 in
829 2780 919 2839 domo
934 2780 1104 2840 Callimachi
1121 2800 1189 2840 cum
1203 2782 1300 2858 Argo-

147 2862 264 2921 nautica
284 2860 380 2920 adhuc
402 2861 573 2920 adulescens
594 2861 752 2933 recitasset,
774 2861 850 2919 adeo
871 2880 932 2920 non
952 2862 1096 2938 placuisse
1115 2863 1299 2922 audientibus

147 2952 179 3001 ut
201 2961 269 3002 cum
289 2944 395 3001 rubore
410 2939 588 3021 (ἐρυθρίασας)
610 2940 770 3001 discederet
795 2942 866 3022 (Vit.
889 2943 1042 3019 Apollonii
1062 2963 1113 3020 pp.
1137 2958 1207 3019 532,
1230 2954 1248 3016 4
1269 2946 1300 3002 in

149 3024 333 3084 Scholiorum
360 3024 405 3082 ed.
429 3021 585 3101 Keiliana),
609 3040 735 3098 cumque
760 3024 953 3100 ignominiam
976 3025 1056 3100 apud
1079 3026 1158 3084 ciues
1181 3037 1210 3084 et
1233 3025 1299 3084 reli-

148 3124 274 3181 quorum
303 3114 456 3183 poetarum
485 3104 661 3163 calumniam
681 3103 755 3163 serre
784 3123 846 3163 non
875 3114 985 3183 posset,
1014 3107 1116 3165 relicta
1144 3107 1238 3183 patria
1268 3107 1299 3165 in

149 3187 289 3245 Rhodum
313 3187 375 3245 iret.
418 3185 551 3244 Creditur
574 3185 647 3244 haec
672 3186 757 3261 origo
780 3186 870 3245 fuisse
890 3187 983 3245 litium
1004 3205 1078 3263 quas
1100 3188 1175 3246 inter
1195 3198 1299 3266 poetas

148 3269 277 3327 extitisse
305 3269 451 3337 nouimus,
473 3267 535 3325 siue
559 3268 692 3325 recitarat
714 3267 889 3343 Apollonius
913 3268 1032 3328 nolente
1060 3269 1210 3346 magistro,
1236 3271 1299 3330 siue

148 3350 312 3427 praeceptis
341 3350 401 3407 eius
429 3349 526 3407 minus
554 3348 720 3418 obsecutus,
748 3349 786 3408 ad
814 3360 913 3408 uetera
941 3360 970 3409 et
998 3351 1088 3410 uetita
1117 3351 1242 3411 redierat
1270 3362 1299 3410 et

148 3441 302 3507 propterea
331 3430 533 3489 Callimacheis
561 3439 649 3506 atque
679 3430 755 3489 adeo
789 3430 845 3507 ipsi
873 3430 1054 3492 Callimacho
1086 3432 1299 3510 displicuerat*

142 3511 301 3588 'Quidquid
314 3512 376 3582 fuit,
391 3521 546 3588 supersunt
560 3530 635 3588 quae
649 3511 741 3571 rixam
755 3522 904 3572 testentur.
946 3513 1032 3574 Haec
1048 3515 1166 3591 collegit
1180 3514 1300 3575 Merke-

148 3594 205 3652 lius
229 3604 349 3670 etpost
373 3611 441 3653 eum
466 3593 661 3652 Schneiderus
683 3603 711 3652 et
733 3592 901 3659 Couatius†
944 3594 1023 3654 Nam
1046 3595 1244 3656 Callimachus
1269 3597 1300 3654 in

150 3674 274 3752 Hymno
289 3675 434 3751 Apollinis
449 3674 642 3750 Apollonium
656 3675 781 3734 creditur
795 3677 923 3753 tetigisse
937 3676 982 3737 his
997 3678 1103 3737 ultimIs
1116 3680 1250 3738 uersibus
1264 3684 1277 3752 ss

312 3758 343 3811 ‘O
365 3759 461 3814 Φθόνος
479 3758 647 3815 Ἀπόλλωνος
666 3757 705 3813 ἐπ’
727 3762 799 3813 adure
818 3761 923 3832 λάθριος
944 3757 1022 3832 εἶπεν,

316 3841 368 3894 Οὔκ
388 3840 483 3913 ἄγαμοι
502 3842 547 3917 τὸν
567 3841 653 3896 ἀοιδὸν
674 3839 702 3897 ὃς
723 3837 776 3895 οὐδ’
798 3839 849 3896 ὅσα
868 3844 961 3899 πόντος
982 3842 1065 3900 ἀείδει.

184 3964 198 3997 *
215 3963 282 4009 Hanc
300 3962 446 4016 sententiam,
460 3962 522 4008 cuius
536 3970 616 4008 auctor
627 3961 671 4008 fuit
682 3961 813 4009 Gerhardus
824 3962 929 4010 Lection.
941 3963 1145 4022 Apolloniauarum
1158 3979 1181 4023 p.
1194 3977 1218 4024 4,
1230 3963 1301 4010 etiam

152 4027 291 4083 Ritschelius
302 4028 407 4088 probauit
419 4026 575 4090 Chronologie
587 4028 627 4073 der
637 4027 718 4073 Ersten
729 4027 950 4074 Alexandrinischeu
962 4029 1126 4076 Bibliotheken
1137 4044 1160 4089 p.
1170 4026 1210 4092 69.

183 4093 202 4151 'l'
220 4095 253 4140 La
270 4092 369 4153 querelle
386 4092 414 4138 de
431 4092 573 4152 Callimaque
591 4101 614 4139 et
632 4089 794 4152 abpollonius,
806 4095 891 4140 extruit
908 4094 936 4140 de
952 4092 1084 4142 l'Aunuaire
1098 4096 1125 4140 de
1141 4092 1302 4141 1¹Association

150 4173 209 4218 pour
221 4158 430 4222 l’encouragement
443 4158 482 4204 des
494 4158 573 4204 drudes
584 4158 700 4217 Grecques
711 4172 740 4204 eu
751 4158 845 4206 France.
879 4159 959 4205 Annae
972 4159 1044 4221 1877.

184 4224 267 4280 ssHos
285 4238 363 4271 uersus
380 4223 491 4271 Couatius
508 4237 531 4282 p.
546 4236 575 4286 ²9
594 4231 671 4269 censet
689 4223 752 4284 quasi
770 4223 887 4287 epilogum
905 4225 994 4271 additos
1012 4241 1026 4271 a
1043 4223 1193 4282 Callimacho,
1212 4225 1302 4273 cumis

151 4289 291 4351 hymnorum
303 4297 377 4335 totam
390 4289 470 4336 seriem
482 4289 582 4335 editurus
598 4289 705 4334 ultimam
723 4303 817 4336 manum
834 4290 954 4336 certamini
970 4290 1040 4338 uellet
1057 4292 1183 4350 imponere,
1195 4300 1219 4338 et
1230 4291 1303 4351 Apol-

152 4356 222 4402 linem
233 4356 256 4401 in
268 4355 314 4401 fine
325 4355 431 4402 carminIs
447 4362 529 4401 testem
546 4354 630 4401 faceret
646 4354 765 4413 uictoriae,
776 4356 834 4403 sicut
850 4357 879 4402 ab
897 4356 979 4403 eodem
993 4357 1037 4405 deo
1050 4356 1186 4418 Apollonius
1202 4357 1226 4404 in
1240 4358 1301 4420 prin·

151 4421 212 4480 clpi0
223 4421 396 4484 Argonauticon
406 4420 530 4479 primordia
542 4422 615 4481 operis
626 4419 734 4468 duxisset.
