3082 4980
588 386 838 450 PRAEFATIO.
1239 391 1287 448 rriii

136 551 231 609 fontes
253 569 399 628 quemque
420 549 597 620 reuocando,
619 550 715 626 coegit
736 548 889 607 mendacia
909 547 1000 607 fateri.
1042 547 1244 610 Eruditionem
1268 568 1286 608 a

136 655 217 720 patre
239 655 422 720 susceperat;
448 644 496 702 hic
513 644 592 702 enim
613 654 641 701 et
663 642 905 702 commentarium
926 642 957 699 in
977 642 1179 719 Lycophronis
1197 643 1285 702 Alex-

136 736 257 796 andram
273 738 424 815 scripserat
438 737 480 817 (p.
493 734 564 815 365)
576 746 613 808 et,
625 736 705 813 quod
719 746 838 795 testatur
852 735 927 794 filius
941 737 971 793 in
986 734 1114 812 *elogiq
1130 736 1286 795 multarum

135 829 300 906 linguarum
319 831 508 907 peritissimus
522 829 574 888 fuit
588 829 629 909 (p.
647 825 728 907 212).
770 829 838 905 Ipse
852 837 924 906 quot
942 829 1052 905 legerit,
1067 848 1103 888 ex
1117 839 1179 889 toto
1194 831 1285 890 Com-

135 925 278 982 mentario
298 925 456 1000 intelliges,
482 943 537 983 nec
556 943 626 982 sane
646 923 749 983 elarius
770 942 806 982 ex
826 923 884 981 ulla
902 942 932 981 re
950 923 1100 1000 apparebit
1114 943 1203 1002 quam
1216 943 1285 983 uere
1390 964 1396 967 -

136 1018 251 1078 difficile
273 1037 391 1078 carmen
412 1018 456 1077 sit.
498 1017 577 1076 Nam
598 1027 708 1076 restant
729 1035 791 1076 non
815 1036 910 1094 pauca
930 1036 1005 1095 quae
1027 1019 1115 1077 etiam
1136 1027 1203 1094 post
1225 1018 1286 1077 Sal-

136 1111 235 1187 uagnii
259 1112 402 1171 secundas
427 1129 510 1171 curas
535 1112 592 1170 sint
616 1112 646 1169 in
667 1112 808 1171 obscuro:
837 1120 869 1169 ut
893 1111 938 1171 his
964 1111 994 1168 in
1017 1111 1088 1170 locis
1112 1111 1174 1188 ipse
1196 1111 1232 1170 de
1254 1131 1285 1171 se

136 1204 285 1281 professus
308 1215 360 1278 est,
381 1224 484 1264 uerum
508 1223 569 1264 non
593 1206 763 1281 repperisse.
810 1205 845 1263 In
869 1207 1027 1264 uerborum
1051 1206 1285 1281 interpretatione

135 1299 259 1358 multum
280 1300 394 1377 reliquit
413 1301 475 1359 aliis
485 1319 494 1373 ;
519 1318 742 1376 nonnumquam
761 1300 849 1359 etiam
868 1301 980 1370 errauit,
995 1310 1028 1358 ut
1046 1318 1074 1376 p.
1091 1319 1149 1376 323
1164 1300 1285 1359 doctissi-

136 1413 197 1456 mus
215 1404 364 1471 tamquam
384 1394 421 1453 de
439 1393 682 1471 philosophorum
701 1411 817 1468 genere,
834 1412 895 1453 non
911 1394 947 1453 de
961 1412 1021 1452 uno
1038 1393 1166 1467 Socrate,
1181 1413 1210 1471 p.
1226 1408 1283 1470 347

136 1487 253 1565 Stygias
276 1491 371 1564 liquor
394 1499 544 1565 tamquam
568 1488 605 1546 de
630 1488 792 1547 Arcadicae
818 1487 915 1565 Stygis
939 1491 1012 1559 uiro,
1038 1506 1100 1547 non·
1123 1489 1161 1548 de
1183 1490 1285 1548 mortis

137 1582 364 1658 strangulatione
382 1583 492 1642 dictum
511 1591 595 1642 esset.
638 1581 744 1658 Neque
765 1583 868 1642 melius
887 1584 914 1641 ei
935 1600 981 1641 res
995 1583 1088 1653 cessit,
1104 1582 1196 1641 sicubi
1214 1600 1287 1642 con·

136 1677 245 1734 iectura
259 1677 368 1754 aliquid
381 1676 585 1755 reponendum
600 1685 678 1747 erat;
701 1694 770 1734 nam
788 1694 884 1752 neque
899 1695 1019 1752 gramen
1032 1675 1191 1734 habentibus
1204 1678 1286 1734 aruis

136 1789 165 1847 p.
182 1785 249 1844 215,
265 1789 320 1830 nec
337 1769 388 1829 Se'c
404 1777 469 1828 tuus
487 1770 616 1829 ardescat
631 1771 733 1845 stipitis
752 1773 814 1846 agne
832 1789 898 1846 rega
916 1789 944 1846 p.
964 1783 1032 1845 357,
1046 1789 1102 1829 nec
1117 1769 1215 1846 Stygia
1228 1773 1289 1829 seni

136 1883 165 1940 p.
182 1877 239 1939 374
261 1865 358 1924 multis
379 1865 559 1942 persuaserit.
602 1863 660 1923 Sed
674 1874 773 1923 tamen
786 1883 824 1924 ex
838 1856 1063 1923 Commentariis
1076 1864 1127 1941 qui
1145 1865 1206 1924 eius
1221 1866 1286 1924 aeui

106 1993 109 2000 ·
135 1959 193 2016 sint
213 1958 325 2017 nullum
339 1959 477 2036 equidem
491 1959 561 2018 noui
576 1960 626 2036 qui
642 1958 837 2035 Saluagniano
852 1977 904 2034 par
916 1958 970 2023 sit:
992 1976 1061 2015 nam
1075 1959 1162 2018 etiam
1177 1959 1286 2018 Casau-

135 2053 215 2112 bono
245 2053 392 2130 Scaligero
424 2053 569 2114 Lambino
598 2053 667 2112 uiris
699 2051 781 2111 omni
816 2053 901 2111 laude
933 2053 1099 2124 maioribus,
1128 2071 1190 2113 non
1220 2073 1286 2113 raro

136 2147 258 2223 contigit
276 2146 363 2206 dubia
383 2157 471 2225 atque
486 2147 561 2206 adeo
576 2165 666 2224 praua
680 2164 807 2222 ponere:
830 2146 897 2205 huic
912 2156 971 2204 tam
986 2156 1124 2205 constans
1139 2147 1286 2224 diligentia

122 2241 166 2299 in
191 2259 280 2318 opere
302 2252 440 2319 suscepto
465 2242 517 2300 suit
542 2251 574 2300 ut
599 2241 748 2302 doctrinae
771 2239 900 2314 Gallicae
925 2241 1012 2300 etiam
1037 2260 1116 2301 nunc
1142 2242 1286 2320 singulare

136 2345 213 2396 extet
228 2346 462 2395 monumentum.
622 2336 623 2339 ’
989 2396 990 2400 ,

176 2429 255 2489 Vsus
267 2441 310 2489 est
322 2429 494 2510 Saluagnius
506 2431 607 2491 codice
619 2431 822 2495 Bibliothecae,
830 2431 1096 2504 San-Victorianae,
1108 2451 1180 2510 quas
1194 2451 1286 2491 mem·

133 2524 238 2584 branas
259 2519 385 2584 cariosas
401 2523 441 2604 (p.
460 2523 531 2605 197)
547 2527 600 2585 sed
620 2527 747 2603 optimae
768 2536 855 2586 notae
871 2527 911 2601 (p.
931 2529 1000 2599 144)
1019 2536 1124 2586 uocat:
1151 2528 1200 2604 qui
1219 2546 1286 2587 cum

134 2618 221 2676 hodie
236 2619 331 2692 lateat,
346 2638 453 2696 operae
468 2629 511 2678 est
525 2619 572 2678 hic
587 2620 716 2696 proferre
731 2638 806 2697 quae
821 2639 857 2678 ex
872 2637 908 2679 eo
923 2620 1029 2688 citauit,
1039 2619 1157 2698 Iazygm
1170 2619 1211 2700 (p.
1225 2635 1240 2696 7
1264 2618 1285 2698 ),

134 2729 192 2770 om.
214 2731 262 2772 uu.
286 2733 353 2789 291,
377 2734 391 2770 2
415 2713 455 2794 (p.
484 2717 563 2787 144),
585 2733 613 2772 u.
637 2715 695 2790 316
717 2713 922 2790 111611ὶί1111(71.
949 2711 1027 2791 158),
1049 2733 1075 2772 u.
1103 2718 1160 2790 378
1182 2717 1285 2792 spinga

136 2807 176 2881 (p.
192 2805 271 2885 197),
286 2827 314 2866 u.
326 2823 382 2884 447
398 2815 509 2884 aterque
523 2807 658 2866 Medusae
671 2808 712 2888 (p.
724 2808 804 2886 241),
816 2827 844 2866 u.
856 2820 914 2882 473
929 2815 961 2866 ut
974 2809 1039 2867 nate'
1048 2810 1186 2886 sanguim
1199 2811 1285 2868 eedem

136 2898 176 2977 (p.
191 2899 269 2979 264),
285 2921 313 2963 u.
327 2917 384 2977 545
397 2903 575 2978 Harpalyees
586 2902 628 2991 (p.
642 2900 722 2980 313),
738 2921 765 2961 u.
778 2904 833 2959 621
852 2900 1138 2967 Aethalon—Iseheies
1152 2902 1193 2981 (p.
1205 2918 1241 2979 37
1265 2902 1285 2982 ).

134 2993 270 3072 Denique
285 2996 423 3056 Veterem
439 2997 631 3072 Interpretem
649 3014 706 3072 ope
721 2996 846 3055 duorum
860 2995 996 3054 codicum
1011 2997 1286 3072 manuscriptorum

135 3087 354 3164 locupletiorem
370 3100 398 3150 et
412 3091 641 3150 emendatiorem
656 3089 745 3149 edidit
763 3099 912 3164 tamquam
926 3088 1120 3164 appendicem
1136 3107 1286 3150 commen-

55 3238 56 3241 ,
135 3183 204 3253 tatii,
220 3200 307 3258 quem
322 3185 380 3242 iam
395 3186 498 3247 iterum
513 3184 687 3260 publicabat.
1274 3176 1277 3180 ’

177 3275 364 3354 Saluagnium
386 3281 434 3356 qui
456 3288 540 3341 norat
561 3278 701 3340 Nicolaus
719 3276 860 3336 Heinsius
881 3296 1007 3356 cumque
1029 3296 1065 3336 eo
1087 3278 1227 3337 nonnulla
1248 3280 1286 3338 de

135 3369 217 3429 Ibide
237 3373 474 3445 communicarat,
491 3371 553 3452 (pp.
572 3392 636 3447 13ο,
657 3370 726 3450 189)
741 3372 803 3446 ipse
820 3380 931 3431 textum
951 3372 1086 3430 carminis
1099 3372 1242 3432 recensuit
1256 3373 1286 3431 in

135 3464 262 3525 editione
273 3465 371 3525 Ouidii
382 3486 505 3544 operum
517 3486 593 3545 quae
609 3466 676 3525 inde
691 3468 728 3526 ab
740 3470 841 3530 anno†
854 3481 930 3541 1552
943 3485 1154 3542 saepenumero
1165 3467 1287 3542 repetita

135 3559 249 3634 prodiit.
293 3559 353 3632 Qui
368 3561 428 3619 siue
443 3563 524 3639 quod
540 3561 668 3621 ‘codices
689 3561 737 3638 qui
752 3570 925 3621 uetustatem
940 3571 968 3620 et
981 3579 1102 3620 manum
1117 3560 1286 3637 castigatam

105 3688 109 3694 ·
135 3670 204 3728 prae
216 3671 247 3711 se
262 3653 377 3727 ferrent,
389 3656 437 3714 uix
452 3656 660 3714 inuenirentur'
671 3655 761 3713 Ibidis
776 3655 836 3713 siue
851 3655 931 3732 quod
947 3673 981 3714 ea
995 3673 1065 3731 prae
1078 3654 1180 3714 ceteris
1189 3653 1287 3713 Ouidii

136 3747 247 3823 scriptis
272 3746 408 3821 sorderet,
430 3768 575 3826 perpauca
597 3749 716 3809 feliciter
739 3750 870 3822 correxit,
891 3750 946 3808 nisi
968 3749 1048 3826 quod
1071 3767 1127 3824 391
1152 3747 1215 3807 Sex
1236 3747 1286 3819 bis,

137 3841 193 3898 602
220 3838 349 3914 Orpheos,
375 3857 431 3915 502
456 3842 625 3902 Phalaeceae
649 3843 769 3902 reduxit.
813 3842 917 3901 Cetera
945 3853 994 3901 aut
1017 3842 1104 3901 dubia
1126 3841 1204 3900 uelut
1229 3845 1285 3917 189

135 3952 244 3992 reorum
259 3952 313 4010 pro
328 3937 465 4008 uriarum,
482 3957 540 4012 434
561 3938 741 4013 Tereidesque,
759 3939 816 4012 508
828 3936 938 4013 Phryx
951 3943 980 3994 la
995 3942 1116 4006 uenator,
1131 3944 1180 3992 aut
1195 3936 1287 3992 mani-

136 4027 206 4086 feste
221 4027 300 4099 falsa,
318 4044 375 4103 225
384 4032 561 4105 palustribus
576 4033 660 4102 ulue's,
678 4034 735 4106 366
751 4031 871 4089 Pisaeae
879 4032 972 4106 faria
989 4032 1046 4100 418
1064 4047 1131 4102 qaae
1145 4028 1200 4085 h'be'
1209 4030 1287 4103 pee'ar

135 4124 196 4194 rezi,
214 4138 271 4198 599
287 4121 388 4180 Meliti
399 4142 453 4199 pro
468 4125 565 4200 Armi.

178 4214 327 4291 Saluagnii
352 4220 594 4278 commentarium
622 4230 717 4279 totum
745 4219 774 4275 in
799 4235 881 4276 suam
907 4217 1064 4276 editionem
1088 4215 1228 4275 transtulit
1254 4216 1285 4276 P.

219 4387 232 4420 *
255 4387 324 4432 Extat
337 4386 359 4430 in
371 4386 485 4449 Saluagnii
499 4386 607 4433 Miscellis
620 4387 682 4434 Fasc.
695 4387 717 4433 ii.
730 4401 752 4445 p.
767 4394 813 4446 207
825 4393 848 4432 et
860 4399 896 4446 ap.
909 4385 944 4431 De
957 4384 1091 4432 Terrebasse
1103 4400 1126 4445 p.
1143 4393 1196 4446 127.

218 4450 236 4505 †
254 4452 289 4498 De
302 4451 389 4500 Heinsii
402 4452 538 4499 editionibus
551 4452 654 4499 disseruit
667 4451 793 4499 Merkelius
805 4452 827 4497 in
839 4451 935 4511 praefat.
949 4449 1058 4498 Tristium
1071 4465 1108 4512 pp.
1121 4452 1183 4503 vi-x‚
