3126 4980
630 405 675 467 IN
704 406 802 470 IBIN.
1256 405 1294 465 89

119 630 120 634 ,
142 567 249 628 domus
263 576 291 627 et
305 576 367 626 tota
380 568 439 625 erin
452 563 578 626 familia:
601 566 649 626 hic
663 576 761 627 autem
774 567 805 626 in
816 565 918 626 Leone
932 574 1017 629 natus
1031 565 1092 638 fuit,
1107 582 1196 644 quare
1213 566 1295 626 stella

140 650 194 710 fuit
208 651 235 709 ei
249 647 369 726 aequa*
414 647 451 708 G.

183 745 252 806 513.
281 730 395 806 thue
441 729 497 790 uel
545 729 696 789 Euenus.
779 729 1040 806 Ebenusquidam
1062 729 1167 789 cecidit
1190 728 1295 786 influ-

140 813 261 873 Ebenus
294 812 399 872 cecidit
433 811 464 870 in
496 811 619 870 fluuium
647 813 697 890 qui
738 811 819 870 uium
829 811 878 888 qui
890 810 1125 886 priusLicormas
1135 812 1293 882 dicebatur,

141 896 221 973 prius
249 895 343 953 dictus
371 893 529 959 Licornras,
558 893 697 971 deinceps
740 894 792 952 sed
806 911 886 952 nunc
897 889 1039 1056 [abipso]
1052 893 1167 952 Ebcnus
1181 893 1294 971 dicitur,

42 1023 44 1026 -
142 978 180 1036 de
197 977 317 1034 nomine
337 975 428 1051 ipsius
443 975 536 1034 dictus
558 984 603 1034 est
619 975 697 1034 Ebe-
739 984 770 1034 et
790 975 947 1034 Tiberinus
983 993 1034 1033 rex
1047 974 1230 1034 Albanorum
1248 993 1293 1034 ce·

141 1077 206 1117 nus.
228 1057 357 1116 similiter
366 1056 524 1116 Tiberinus
533 1057 569 1116 de
578 1057 698 1116 nomine
739 1056 809 1116 cidit
847 1057 878 1113 in
901 1055 1038 1116 Albulam
1061 1057 1111 1133 qui
1136 1074 1214 1115 nunc
1244 1051 1295 1136 [ab

143 1157 193 1198 suo
203 1139 325 1197 fluuium
333 1139 364 1196 in
375 1157 463 1214 quem
472 1138 576 1198 cecidit
584 1137 698 1197 Tiberi·
739 1138 805 1214 ipso
826 1138 929 1197 dicit-ur
938 1137 1102 1212 Tiberis,ut
1112 1139 1152 1197 ait
1161 1138 1294 1199 Ouidius.

143 1239 215 1279 num
229 1220 400 1289 nominauit
446 1218 483 1279 G.
742 1219 770 1280 C
782 1219 890 1278 eiAsh.

185 1316 253 1376 515.
288 1301 543 1378 Astacidaeque
586 1299 696 1360 modo.
780 1301 968 1378 Menalippus
995 1301 1048 1360 fuit
1070 1303 1191 1379 quidam
1215 1300 1295 1359 The·

145 1383 296 1460 Superius,
309 1382 381 1441 dixit
408 1382 560 1459 quomodo
585 1382 698 1442 Tideus
738 1384 832 1442 banus
855 1382 930 1442 filius
954 1383 1053 1443 Astaci
1078 1384 1129 1460 qui
1157 1383 1296 1458 Tydeum

143 1465 266 1525 corrosit
299 1473 388 1540 caput
427 1464 608 1540 Menalippi:
650 1464 698 1524 hic
739 1463 778 1523 ad
805 1474 930 1524 mortem
954 1464 1125 1525 uulnerauit.
1173 1463 1296 1540 Tydeus

143 1546 213 1606 dicit
247 1555 280 1605 ut
313 1546 352 1605 ad
386 1546 509 1605 modum
538 1544 700 1624 Menalippi
742 1555 840 1606 autem
862 1552 951 1624 caput
969 1545 1131 1622 Menalippi
1153 1546 1208 1605 sibi
1228 1545 1296 1603 alla-

142 1628 322 1688 corrodatur.
367 1625 404 1686 G.
742 1637 804 1686 tum
826 1647 893 1704 proc
908 1628 978 1687 odio
997 1637 1025 1686 et
1044 1629 1085 1686 ira
1099 1627 1297 1686 conmordere

191 1753 192 1756 ,
742 1720 772 1768 et
785 1709 888 1768 rodere
903 1712 1010 1786 coepit.
1032 1709 1090 1768 Sta.
1105 1709 1163 1768 Th.
1197 1707 1296 1766 Mure.

187 1800 262 1866 517.
277 1790 450 1868 Quodque
478 1790 593 1849 lerunt
620 1789 700 1850 Bro·
783 1790 910 1851 Brothea
930 1791 1011 1850 Iouis
1024 1791 1101 1851 lilius
1122 1800 1296 1850 excoecatus

144 1881 231 1931 tean.
273 1872 422 1937 †Brothea
443 1871 518 1930 filius
542 1872 636 1950 louis,
646 1872 700 1931 im·
741 1872 893 1932 estanue
904 1873 972 1951 quia
981 1873 1176 1950 nequissimus
1188 1880 1257 1944 erat,
1267 1880 1296 1931 et

145 1953 261 2031 pietatis
283 1954 428 2026 conscius,
451 1971 482 2012 se
504 1954 600 2031 ipsum
621 1954 701 2031 pirae
741 1954 809 2013 ideo
818 1955 941 2031 proiecit
950 1972 981 2013 se
990 1954 1021 2012 in
1031 1955 1124 2031 piram
1136 1953 1296 2023 ardentem,

144 2036 287 2112 imposuit.
337 2034 374 2094 G.
742 2036 812 2095 odio
836 2035 948 2095 habens
972 2036 1063 2095 uitam
1084 2054 1177 2107 suam,
1203 2047 1236 2095 ut
1257 2035 1297 2093 ait

742 2117 856 2176 Darius
902 2117 928 2177 C
940 2115 1047 2176 eirlsh.
1335 2189 1337 2195 Ι

186 2197 365 2274 Imprecatur
385 2197 510 2257 mortem
532 2199 678 2258 Brotheae
693 2198 743 2257 nel
764 2198 883 2257 Brothei
904 2199 953 2258 filii
972 2198 1098 2258 Vulcani
1119 2208 1150 2258 et
1169 2197 1296 2258 Palladis

145 2280 195 2358 qui
204 2279 410 2340 Erichthonius
419 2280 581 2340 dicebatur:
597 2280 653 2352 hic,
663 2298 731 2339 cum
740 2289 817 2340 esset
826 2291 940 2357 spretus
951 2282 992 2339 ob
1002 2281 1061 2340 oris
1072 2280 1296 2353 deformitatem,

146 2372 251 2438 sponte
266 2362 296 2419 in
310 2362 461 2420 ardentem
474 2379 577 2438 pyram
598 2380 629 2421 se
647 2361 772 2422 coniecit
791 2362 881 2421 uitam
896 2362 1053 2436 fastidiens,
1066 2363 1148 2423 cuius
1163 2361 1297 2421 meminit

145 2443 299 2502 Eusebius.
342 2442 414 2520 Reg.
432 2445 520 2502 2061.

189 2540 256 2599 519.
299 2524 531 2602 Inclususque
580 2543 699 2584 necem
782 2524 981 2585 Callisthenes
991 2526 1040 2585 uel
1056 2525 1213 2597 Choerilus,
1228 2526 1298 2602 quia

147 2624 261 2665 cauea.
283 2604 544 2684 Callisthenes-qui
559 2625 604 2666 res
613 2607 700 2666 Alex·
741 2609 912 2685 promiserat
931 2607 1013 2684 quod
1033 2618 1117 2684 gesta
1137 2606 1299 2672 Alexandri

147 2687 230 2746 andri
257 2688 381 2765 scripsit,
408 2689 439 2746 in
463 2688 596 2749 custodia
623 2688 699 2747 farne
741 2690 817 2748 bene
827 2690 1003 2749 describeret
1011 2699 1040 2748 et
1050 2690 1127 2748 male
1136 2690 1297 2766 descripsit,

148 2770 297 2845 expirauit,
307 2788 344 2829 eo
359 2771 440 2846 quod
454 2787 557 2847 parurn
572 2770 703 2848 speciose
744 2771 842 2846 posuit
856 2789 923 2831 eum
937 2771 968 2829 in
982 2789 1111 2843 caueam,
1125 2773 1176 2830 ubi
1190 2770 1297 2847 frigore

146 2869 192 2910 res
207 2852 268 2910 eius
283 2851 444 2929 scripserat.
485 2852 525 2911 P.
744 2862 773 2911 et
786 2851 863 2921 fame
877 2853 969 2930 periit.
1014 2852 1042 2913 C
1053 2851 1160 2912 ctAsh.

147 2967 214 3019 Ask.
245 2967 403 3036 Saluagnius
415 2966 477 3019 haec
488 2965 565 3020 edidit
574 2964 695 3019 Alcidice
708 2965 811 3018 Aleuae
823 2965 955 3019 Larissaei
968 2965 1021 3018 lilia
1033 2965 1132 3020 domus
1144 2967 1222 3020 ruina
1233 2981 1299 3020 cum

148 3036 286 3106 Lycoride
299 3037 360 3089 uiro
372 3035 472 3088 obruta
490 3040 540 3103 est,
553 3055 595 3090 nec
607 3035 802 3104 minusflrttilia
814 3038 900 3090 Mure.

185 3122 246 3172 513.
265 3108 367 3162 Similia
379 3120 421 3176 ap.
434 3109 513 3160 Mure
578 3106 738 3163 hebenusG
750 3109 788 3160 bis
859 3106 1013 3160 licomasG
1077 3110 1147 3162 suG
1212 3108 1298 3162 ebnus

83 3212 85 3214 -
149 3178 285 3231 diciturG
365 3178 400 3230 ab
418 3176 487 3249 ipso]
502 3178 588 3231 om.C
674 3176 824 3230 Tiberinus
835 3193 885 3230 rex
897 3176 1078 3249 Albanorum]
1092 3181 1177 3234 om.G
1263 3178 1298 3231 ab

149 3247 220 3318 ipso]
235 3269 284 3303 om.
298 3250 320 3303 G
389 3247 516 3319 Ouidius]
530 3249 594 3302 Mei.
607 3250 681 3304 XIV.
694 3251 827 3315 614-616.

186 3336 247 3385 515.
266 3320 340 3388 capri
353 3320 431 3374 Mure
496 3335 547 3387 pro
559 3320 637 3372 Mure
703 3318 872 3373 conmodere
884 3320 962 3374 Mure
1031 3321 1300 3377 Aueroaberrarunt

152 3391 208 3445 Cet
220 3393 286 3444 Ask.
299 3391 328 3444 de
340 3390 477 3458 Hyrtacide
488 3391 554 3443 Niso
565 3392 734 3460 interpretati.

186 3475 247 3526 517.
265 3461 446 3530 nequissimus
470 3467 513 3514 est
537 3461 560 3515 G
650 3462 728 3515 Mure
750 3480 772 3514 s.
785 3479 810 3513 u.
836 3459 969 3514 Brotheas
993 3460 1062 3514 filius
1088 3462 1161 3517 louis
1186 3468 1300 3531 propter

150 3548 227 3586 suam
251 3532 406 3601 nequiciam
432 3538 578 3586 excecatus
601 3548 618 3585 a
637 3532 705 3584 loue
729 3537 758 3584 et
782 3531 856 3584 idem
880 3547 910 3584 se
932 3532 1050 3600 proiecit
1074 3533 1102 3585 in
1126 3535 1212 3602 piram
1235 3535 1300 3588 odio

149 3603 253 3657 habens
271 3603 357 3656 uitam
376 3618 461 3655 suam.
497 3603 587 3656 Nescio
596 3623 631 3656 an
643 3605 692 3656 huc
699 3605 827 3673 pertineat
838 3603 904 3671 quod
910 3604 986 3658 habet
1000 3604 1030 3655 H
1038 3605 1076 3657 ad
1087 3620 1137 3670 297
1152 3606 1300 3659 Themisto

150 3673 324 3727 Athamantis
340 3689 411 3726 uxor
422 3674 540 3728 Proteae
556 3674 629 3726 louis
647 3673 703 3726 filio
721 3688 859 3727 uenenum
871 3672 907 3728 ad
919 3673 1068 3727 bibendum
1080 3676 1156 3730 dedit
1165 3694 1180 3732 :-
1194 3678 1240 3747 qui
1258 3679 1300 3730 in·

149 3760 230 3798 sanus
243 3745 270 3797 in
283 3761 350 3813 pyra
362 3760 445 3813 quam
457 3744 562 3799 fecerat
575 3759 605 3796 se
617 3744 779 3812 composuit.
815 3745 983 3812 Hieronymus
991 3748 1019 3799 in
1027 3746 1119 3800 Euseb.
1127 3748 1220 3802 chron.
1227 3760 1254 3817 p.
1267 3766 1298 3813 31

150 3813 245 3870 Sch'o‘ne
256 3816 451 3869 Erichthonium
459 3818 534 3883 facit
547 3815 654 3869 Vulcani
665 3825 691 3868 et
700 3817 835 3869 Mineruae
838 3816 938 3884 filium.
973 3817 1079 3871 Tzetzet
1093 3830 1179 3872 autem
1192 3820 1229 3873 ud
1239 3820 1301 3887 Lyc.

151 3903 201 3941 ιιι
217 3886 278 3940 dicit
289 3883 383 3954 Ἀθηνᾷ
394 3886 443 3939 τινὶ
456 3884 586 3953 Bacchidi,
600 3885 707 3956 θυγατρὶ
719 3885 748 3939 δὲ
757 3889 883 3956 Βροντέου
895 3885 1216 3958 ὑπαρχούσῃ,Ἥφαιστος
1226 3892 1302 3962 γάμῳ

150 3956 234 4026 μιγεὶς
249 3955 325 4027 γεννᾷ
342 3955 512 4025 Ἐριχθόνιον,
525 3957 589 4011 unde
600 3957 725 4010 Bronteas
743 3975 808 4011 auus
826 3958 932 4027 efficitur
943 3960 1112 4025 Erichthonii,
1125 3962 1169 4014 sed
1178 3962 1301 4016 Broteam

150 4028 254 4083 eundem
266 4027 431 4080 Erichthonio
434 4029 521 4093 fuisse
531 4046 580 4080 non
592 4028 654 4081 dicit
665 4029 770 4082 Tzetzes
783 4047 858 4096 neque
868 4047 913 4096 ego
924 4028 990 4082 hanc
1003 4030 1138 4084 historiam
1150 4034 1265 4100 comperi.

189 4113 251 4165 519.
271 4097 457 4150 CalistenesP
516 4097 671 4165 spetioseP
732 4097 913 4154 CalistinusG
973 4098 1124 4153 CarillusG
1185 4101 1302 4154 Cerillus

151 4169 217 4223 Ask.
342 4168 446 4236 positus
467 4167 519 4221 fuit
539 4169 566 4220 in
586 4183 671 4222 cauea
691 4174 720 4223 et
740 4168 777 4220 ibi
791 4170 854 4224 Ask.
937 4170 1025 4223 Minus
1046 4182 1111 4223 recte
1134 4171 1304 4226 GCherilus

150 4238 284 4294 elimones
303 4236 377 4292 facta
395 4237 543 4291 Alexandri
564 4240 635 4292 male
653 4239 811 4293 describens
831 4239 860 4292 in
880 4237 991 4291 foueam
1014 4241 1207 4309 praecipitatus
1227 4242 1302 4296 fame

149 4312 232 4379 periit
302 4311 382 4363 Mure
394 4309 558 4377 Caliphones
570 4309 614 4363 uel
627 4309 750 4378 therylus
762 4308 806 4362 uel
819 4310 961 4378 elymoncs
973 4316 1050 4376 gesta
1060 4313 1150 4378 magni
1162 4313 1303 4368 alexandri

150 4381 221 4434 male
233 4381 357 4435 scribens
373 4379 490 4433 inclusus
502 4395 587 4433 cauea
598 4380 671 4434 farne
689 4380 779 4449 periit.
792 4380 838 4432 uel
850 4380 935 4435 aliter.
953 4387 1050 4448 pactus
1065 4397 1117 4450 pro
1132 4382 1207 4437 bono
1219 4400 1304 4440 uersu

150 4453 285 4508 numisma
299 4451 350 4506 sibi
362 4451 430 4517 dari,
442 4466 494 4519 pro
510 4451 557 4505 uili
574 4451 728 4520 colaphum,
740 4451 860 4520 colaphis
876 4451 958 4520 perlit
970 4455 1004 4520 cf.
1018 4455 1082 4508 Aer.
1095 4455 1133 4508 ad
1142 4456 1207 4512 Hor.
1220 4459 1256 4514 A.
1268 4461 1302 4515 P.

153 4538 212 4588 357·
