3038 4988
511 342 872 455 COMMENTARIVS.
1201 398 1259 457 133

107 545 307 604 tusexluburt.
351 550 419 604 399.
432 551 545 602 Frater
553 551 712 604 utAntaei
722 548 838 604 Busrns
860 550 984 619 Vterque
994 566 1070 604 enirn
1078 567 1113 604 ex
1123 552 1261 621 Neptuno

108 619 254 686 procreati.
292 636 354 684 quo
373 624 526 684 sanguine
544 623 654 675 debutt
666 637 726 688 suo,
738 637 796 673 non
809 619 927 674 aliorum
941 637 1011 707 quos
1025 620 1189 677 innocentes
1203 639 1261 677 non

106 690 239 744 debuerat
251 700 383 744 mactare
471 694 543 744 400.
561 695 713 774 exemplis
731 695 846 745 oceidtt
863 694 931 755 ipse
950 696 1023 746 suis
1062 693 1109 773 Sic
1126 695 1260 748 sacerdos

109 761 295 834 Nemorensis
304 764 383 830 peret
390 762 513 844 exempla
523 764 640 830 quisque
650 779 702 815 sua
715 761 764 816 F
757 761 795 816 rii.
805 775 856 828 272
867 778 932 815 cum
941 761 989 831 qui
999 772 1042 816 est
1051 763 1173 831 priorem
1186 782 1260 818 sem-

108 847 160 898 per
172 821 305 885 occident
319 842 403 901 atque
416 831 477 900 ipse
490 843 590 901 postea
602 832 638 886 ab
652 832 707 885 alio
720 831 871 886 occidatur.
938 836 1007 886 401.
1025 837 1080 896 qui
1094 833 1259 890 Diomedes

108 917 247 983 gramen·
255 906 448 957 habentibus
464 906 572 957 herbis
586 902 707 972 quibus
700 912 773 956 mest
786 919 902 971 gramen
917 901 1074 972 (Saluagn)
1110 907 1203 958 Burm.
1219 916 1261 958 at·

109 972 171 1025 tulit
186 972 247 1026 M.
240 990 256 1026 1.
270 973 322 1040 633
335 979 427 1026 terrae
439 990 495 1027 non
509 978 619 1043 semper
628 990 750 1054 gramen
765 973 885 1026 habenti.
924 975 1049 1027 Gramen
1067 973 1114 1028 hic
1132 985 1175 1028 est
1194 993 1261 1030 esca

109 1058 245 1110 equorum
258 1054 287 1097 ut
303 1043 360 1098 M.'
354 1061 389 1098 ιν.
400 1056 459 1112 215.
522 1048 595 1100 402.
615 1044 704 1097 Hen'
697 1062 731 1097 rx.
742 1044 775 1109 67
789 1045 873 1097 crude
882 1044 1053 1097 Dzbmedis
1039 1061 1134 1115 imago
1146 1047 1263 1114 Efferus

108 1111 580 1184 humanaquidapepauitequar.
651 1118 722 1168 403.
739 1117 866 1168 uindice
881 1116 1011 1169 Hercule.
1090 1119 1163 1168 404
1181 1120 1261 1172 Nes·

110 1199 164 1237 sue
180 1187 414 1249 Dexamenique
432 1202 527 1250 gener
545 1187 619 1253 Hyg.
634 1199 664 1252 31
682 1185 855 1239 Centaurum
866 1186 988 1238 Nessum
1004 1186 1082 1255 qued
1090 1187 1262 1240 Deianrram

109 1255 220 1307 uiolare
238 1257 338 1323 uoluit,
351 1258 458 1310 oceidit.
494 1256 681 1324 Eurytionem
696 1257 877 1323 Centaurum,
894 1257 972 1325 quad
984 1256 1154 1310 Deianiram
1166 1259 1261 1311 Dexa-

110 1326 287 1394 menifiliam
299 1296 441 1410 splratam
453 1344 535 1379 suam
548 1344 662 1379 uxorem
670 1329 757 1395 petiit
768 1328 873 1380 occidit.
900 1327 1038 1394 Eurytion
1048 1344 1143 1392 gener
1151 1328 1261 1397 dicitur,

110 1396 187 1464 quod
201 1398 382 1450 Dexamenus
396 1400 456 1450 nim
470 1398 530 1451 eius
542 1399 644 1450 timens
654 1398 802 1466 pollicitus
817 1403 859 1451 est
875 1413 904 1449 se
921 1398 1058 1451 daturum
1076 1399 1261 1453 Deianiram:

111 1475 195 1535 atque
206 1483 266 1535 ipse
275 1468 413 1535 Eurytion
421 1469 466 1522 dre
475 1470 625 1522 constituto
634 1470 714 1522 uenit
721 1485 784 1522 cum
785 1469 1106 1538 fratmbusadnuptzus‚
1115 1479 1262 1539 tamquam
1338 1486 1342 1497 ·

110 1554 174 1590 eam
192 1537 325 1591 ducturus
340 1540 415 1606 Hyg.
429 1553 470 1606 33
577 1541 717 1592 405-412
735 1540 772 1592 ab
792 1539 915 1592 Hercule
934 1539 1034 1593 transit
1053 1539 1090 1593 ad
1109 1542 1261 1595 Theseum.

111 1609 248 1662 Narrarat
268 1609 303 1662 de
322 1609 473 1678 Peripheta
492 1607 590 1663 Sinide
610 1608 726 1663 Scirone
741 1611 885 1677 Cercyone
903 1610 1136 1678 Polypemone
1115 1628 1175 1665 siue
1194 1613 1263 1664 Pro-

110 1689 206 1733 crusta
228 1679 447 1733 Callimachus
440 1697 469 1733 m
493 1681 610 1747 Hecale,
630 1688 660 1732 ut
682 1690 757 1734 retur
779 1679 968 1734 Schneiderus
989 1680 1097 1734 Callim.
1112 1680 1139 1735 ii.
1159 1699 1185 1750 p.
1204 1682 1261 1736 186.

109 1752 181 1804 405.
205 1766 371 1814 pronepos,
394 1754 537 1814 Saturne,
559 1757 634 1805 tuus
660 1752 814 1819 Corynetes
838 1751 883 1804 uel
909 1749 1073 1818 Periphetes
1100 1751 1262 1821 (Hesych.)‚

111 1820 184 1873 filius
200 1821 320 1874 Vulcani
342 1821 482 1890 (Apollod.
501 1821 537 1875 iii.
556 1821 594 1875 16.
613 1836 634 1888 1,
654 1822 737 1876 PauS.
753 1821 780 1875 ii.
799 1836 818 1875 1.
833 1835 858 1888 4,
879 1822 953 1889 Hyg.
971 1821 1028 1889 158,
1050 1823 1119 1876 Met.
1132 1822 1179 1877 vii.
1196 1823 1261 1891 437)

111 1892 156 1944 uel
171 1891 297 1960 Neptuni
312 1893 399 1960 (Hyg.
412 1892 466 1959 38),
480 1891 527 1961 qui
540 1891 626 1945 ambo
639 1909 674 1944 ex
688 1894 764 1959 Ioue,
781 1891 837 1945 filio
851 1890 972 1945 Saturni.
1028 1908 1121 1955 quem
1133 1896 1264 1947 reddere

111 1965 212 2016 uitam
224 1961 366 2030 exspirare
380 1961 472 2031 (Lucr
484 1962 518 2016 vi.
533 1963 608 2031 1198,
623 1963 691 2016 Met.
702 1981 726 2016 x.
738 1963 810 2043 293)
882 1965 952 2015 406
973 1964 1144 2018 Coronides
1156 1966 1264 2018 Aescu·

112 2033 211 2101 lupius,
233 2032 306 2086 filius
321 2034 464 2102 nymphae
483 2025 632 2087 Coronidis
647 2032 773 2101 (Paus'
756 2050 783 2087 u.
798 2031 839 2087 26.
853 2031 878 2101 6,
893 2034 930 2086 H.
945 2034 1031 2086 Hom.
1049 2034 1087 2088 16.
1102 2036 1140 2102 2).
1175 2038 1264 2089 Vrbe

111 2106 194 2157 uldlt
206 2107 268 2157 ab
258 2120 327 2167 lpse
340 2120 398 2157 sua
411 2103 563 2173 Epidauro.
590 2103 763 2191 Apollod.
746 2103 783 2156 111.
797 2104 835 2157 16.
850 2108 984 2172 Il'lp6rov
997 2125 1043 2172 μεν
1055 2103 1100 2158 ουν
1112 2105 1263 2175 Περιφητην

111 2176 157 2227 τὸν
162 2174 314 2261 Ηφαίστου
326 2175 366 2226 καὶ
375 2173 531 2228 Ἀντικλείας
543 2172 597 2229 ὅς’
582 2175 633 2227 απὸ
644 2176 689 2239 τῆς
702 2173 815 2267 κορύνης
820 2171 850 2241 ἣν
859 2174 949 2243 ἐφόρει
958 2173 1103 2242 Κορυνήτης
1114 2176 1264 2229 ἐπεκαλεῖτο

111 2265 220 2298 εκτεινεν
232 2244 260 2297 ἐν
271 2243 426 2336 Ἐηιδαύρῳ
444 2245 525 2300 πόδας
537 2245 564 2297 δὲ
577 2244 720 2299 άσθενεις”
706 2266 773 2315 εχων
785 2243 859 2298 οὗτος
876 2245 965 2334 ἐφόρει
981 2243 1088 2312 κορύνην
1100 2246 1216 2313 σιδηρᾶν,
1230 2243 1263 2299 δι’

111 2313 141 2382 ἧς
158 2314 218 2370 τούς
234 2313 372 2383 παριόντας
390 2316 491 2369 ἔκτεινε.
521 2314 615 2378 ταύτην
632 2314 794 2385 ἀφελόμενος
812 2314 913 2380 θησεύς
930 2315 1056 2383 ἐφόρει.
1054 2318 1138 2371 Met.
1152 2316 1196 2370 vii.
1211 2316 1265 2384 436

74 2449 76 2452 ¹
117 2387 144 2439 Τ
140 2387 212 2440 ellus
232 2387 398 2454 Epidauria
414 2389 517 2456 perte
538 2387 719 2468 Clauigeram
741 2387 817 2441 uellit
839 2386 961 2439 Vulcani
976 2387 1131 2440 occumbere
1143 2388 1263 2468 prolem.

113 2460 285 2511 Coronides
306 2467 334 2510 et
358 2460 488 2511 reddere
506 2461 609 2511 uitam
629 2457 748 2511 Ouidius
770 2456 899 2510 similiter
919 2455 1115 2511 coniunxitF.
1136 2457 1171 2512 vi.
1193 2472 1265 2524 744-

112 2540 128 2594 7
142 2529 319 2597 Hippolytus
330 2528 421 2581 lacera
433 2532 546 2598 corpore
561 2532 664 2597 raptus
676 2535 739 2582 erat
738 2528 984 2596 ,Reddideratqne
999 2530 1124 2580 animam
1140 2530 1273 2582 multum

112 2600 281 2682 indignante
304 2599 410 2652 Diana.
437 2600 540 2667 Nulla,
564 2600 720 2668 Coronides,
745 2616 829 2653 cansa
853 2599 967 2666 doloris,
991 2601 1042 2666 ait,
1061 2599 1194 2668 Namque
1212 2601 1266 2669 pia

112 2671 213 2722 iuueni
230 2671 322 2723 uitam
341 2672 402 2722 sine
420 2671 538 2724 uulnere
556 2671 678 2723 reddam.
723 2671 767 2723 An
788 2680 819 2723 ut
839 2669 896 2723 illic
916 2668 1008 2723 lusit
1001 2686 1030 2722 1n
1053 2669 1157 2738 duplici
1178 2687 1264 2724 sensu

113 2741 248 2793 reddendi
258 2742 358 2807 uitam,
372 2739 413 2794 sic
425 2739 492 2794 hic
485 2758 513 2794 m
528 2741 665 2794 Coronide
676 2740 769 2795 allusit
782 2740 820 2794 ad
834 2741 858 2795 C
857 2746 1001 2821 aryneten
998 2742 1011 2782 ἲ
1048 2741 1088 2794 Cf.
1102 2742 1155 2794 telr
1163 2757 1264 2821 genus,

91 2813 93 2815 ’
117 2810 272 2892 Telegonus
286 2811 344 2878 567.
445 2815 516 2867 407.
535 2815 620 2865 Sinis
632 2812 796 2900 plerumque
809 2810 886 2865 idem
899 2820 942 2864 est
955 2810 1002 2932 quai
1015 2813 1211 2900 Πιτοοκάμπτης
1224 2811 1265 2865 di-

113 2880 193 2949 citur,
206 2881 271 2934 uide
283 2895 353 2949 409:
373 2880 424 2936 sed
443 2881 476 2936 cf.
491 2882 737 2951 Eustath.1586s
755 2882 783 2934 δὲ
800 2883 842 2933 καὶ
855 2881 921 2935 Σίνις
934 2883 1031 2935 Σίνιδος
1045 2877 1155 2951 ὕστερον
1166 2882 1267 2949 ληστὴς

114 2951 174 3021 δίχα
187 2956 233 3005 τοῦ
245 2975 269 3017 τ,
245 2954 326 3004 al‘
318 2953 431 3020 ιστορίαι
444 2953 555 3020 δηλοῦσι
568 2952 736 3022 περιάδουσαι
749 2972 790 3004 και
780 2951 887 3018 αὐτόν,
896 2951 960 3003 καθὰ
973 2971 1013 3004 και
1004 2951 1069 3004 τδν
1086 2952 1212 3018 Σκείρωνα
1225 2952 1266 3004 καὶ

113 3024 159 3075 τὸν
168 3023 366 3090 Πιτυοκάμπτην
378 3022 419 3076 καὶ
431 3024 476 3076 τὸν
489 3024 574 3076 Κάκον
586 3025 627 3077 καὶ
638 3024 683 3077 τὸν
691 3019 788 3084 Λίβυν
789 3024 897 3075 Ανταῖον
909 3022 950 3074 καὶ
962 3021 1021 3075 τοὺς
1033 3019 1172 3112 τριούτους.
1197 3022 1264 3076 Eur.

115 3092 203 3162 Hlpp
218 3105 268 3161 977
283 3094 321 3147 06
333 3114 492 3161 μαρτυρησει
505 3116 523 3159 μ
523 3090 1078 3160 ’ἼσθμιοςΣίνιςποτεΚτανεῖνέαυτόν,
1092 3108 1165 3160 quae
1178 3094 1266 3146 uerba

114 3174 179 3218 sunt
192 3163 304 3217 Thesei.
372 3168 483 3218 Seiron
494 3166 569 3233 Hyg.
580 3166 613 3231 38
624 3165 768 3218 Scironem
781 3180 830 3233 qui
828 3163 884 3215 ad
893 3162 1040 3215 mareloco
1052 3163 1173 3231 quadam
1181 3167 1266 3246 prae-

114 3238 200 3305 rupto
211 3235 322 3288 sedebat
331 3239 359 3288 et
369 3237 489 3304 quieter
494 3236 683 3359 {renitebatur
698 3234 808 3304 cogebat
823 3250 886 3286 eum
903 3233 958 3286 sebi
967 3234 1053 3303 pedes
1068 3233 1169 3286 lauare
1184 3235 1268 3287 etita

114 3307 146 3358 in
168 3322 246 3358 mare
261 3306 477 3376 maecipzfftabat
517 3322 572 3359 unc
593 3306 712 3359 Theseus
725 3305 798 3374 pari
815 3305 904 3357 leto'
891 3321 922 3356 m
942 3321 1019 3356 mare
1039 3305 1138 3357 deiecit
1156 3321 1193 3356 ex
1211 3320 1267 3373 qua

114 3377 538 3499 Serranrsgtetraesuntdictae.
576 3377 647 3430 Plut.
662 3377 745 3429 Thes
764 3391 802 3442 10,
817 3373 921 3428 Paus.
914 3391 930 3428 1.
944 3389 986 3440 44
1001 3373 1077 3444 8qui
1095 3374 1175 3429 addit
1194 3375 1267 3428 haec

115 3449 220 3515 Χελὼνη
262 3468 439 3534 ευπενηχετο
462 3469 518 3502 ταις
540 3446 646 3516 πέτραις
669 3446 729 3501 τοὺς
753 3445 929 3511 ἐσβληθέντας
952 3445 1080 3513 ἁρπάζειν
1111 3445 1164 3498 εἶσὶ
1187 3444 1215 3498 δε
1240 3446 1267 3498 αἱ

115 3517 272 3607 θαλάσσιαι,
282 3517 351 3583 πλην
367 3516 490 3586 μεγέθους
508 3539 547 3570 και
539 3515 688 3583 ποδῶν,”
672 3538 757 3582 ομοιαι
775 3518 830 3570 ταῖς
847 3536 990 3586 χερσαιαις,
1005 3515 1088 3570 πόδας
1105 3515 1166 3568 δὲ’
1152 3517 1269 3572 εοικότας

116 3589 209 3669 ἔχουσι
229 3589 284 3642 ταῖς
305 3589 413 3657 φώκαις.
449 3604 521 3642 eum
544 3592 757 3654 Polypemone
780 3592 885 3641 natus.
922 3588 1091 3640 Procrusten
1116 3586 1267 3656 significat,

116 3657 255 3712 incertum
285 3675 370 3728 quem
401 3669 522 3713 secutus.
577 3661 654 3712 Nam
686 3657 842 3712 Pausanias
873 3657 889 3711 i.
922 3657 963 3724 38.
998 3668 1014 3738 5
1044 3658 1267 3726 Polypemonem

116 3729 239 3810 eundem
263 3729 350 3782 fuisse
374 3729 460 3783 tradit
485 3728 532 3799 qui
559 3731 722 3783 Procrustes
752 3728 967 3797 cognominatus
992 3727 1045 3782 sit:
1077 3729 1267 3796 Apollodorus

115 3798 154 3853 iii.
171 3800 209 3854 16.
224 3814 239 3852 2
254 3810 281 3854 et
299 3800 393 3854 Schol.
411 3799 526 3869 Hippol.
540 3813 601 3869 977,
618 3802 840 3881 Polypemonem
858 3798 981 3865 Sinidos,
999 3799 1107 3853 Probus
1125 3800 1162 3853 ad
1182 3801 1268 3854 Geor.

116 3869 133 3924 i.
157 3885 217 3939 399,
240 3870 374 3938 Scironis,
399 3881 509 3940 patrem
533 3870 647 3925 faciunt.
694 3870 824 3939 Hyginus
847 3871 880 3937 38
907 3870 1129 3950 Polypemonem
1154 3870 1268 3938 omittit,
1337 3922 1338 3925 ,

117 3942 287 3996 Procmsten
310 3941 398 3995 filium
420 3942 488 3995 facit
509 3941 645 4011 Neptuni,
670 3942 835 3995 Plutarchus
858 3941 943 3993 Thes.
957 3939 984 3992 xi
1007 3938 1149 3993 Procrusti
1169 3956 1268 3993 uerum

116 4027 221 4066 nornen
247 4011 394 4093 Dama-stis
418 4011 523 4068 tribuit.
573 4011 773 4081 Polypemonis
797 4020 897 4064 natum
922 4012 1090 4063 Procrusten
1115 4009 1268 4078 significari

116 4092 194 4164 patet
207 4101 242 4137 ex
256 4084 296 4136 M
310 4081 355 4136 vii.
369 4083 422 4149 436
435 4100 495 4153 sqq.
510 4082 557 4136 ubi
566 4083 736 4164 Periphetes
754 4083 916 4134 Procrustes
935 4081 1063 4148 Cercyon
1077 4079 1152 4134 Sinis
1168 4080 1268 4134 Sciron

116 4153 178 4222 pari
197 4152 309 4207 modo
301 4163 461 4222 iunguntur,
483 4153 572 4208 Her.
565 4153 592 4208 ri.
605 4154 648 4222 69,
662 4167 698 4219 70
715 4151 763 4206 ubi
783 4151 882 4205 Sciron
902 4152 1066 4204 Procrustes
1084 4149 1160 4204 Sinis
1175 4150 1269 4204 Mino·

116 4233 222 4278 taurus.
260 4225 380 4293 Legerat
398 4225 518 4279 fortasse
542 4223 767 4312 Πολυπημονίδαο
783 4220 980 4310 Προκρούστεω.
1026 4220 1141 4274 Diod'
1134 4238 1169 4274 iv.
1192 4233 1231 4311 59.
1254 4232 1268 4290 5

118 4293 200 4350 Οὗτος
212 4295 271 4349 τοὺς
282 4295 420 4363 παριόντας
437 4296 588 4381 ὁδοιπόρους
604 4291 767 4384 ηνάγκαζεν’
754 4293 796 4347 επί
812 4313 880 4346 τινος
893 4289 1010 4359 κλίνης’
995 4292 1152 4379 ανοπίπτειν,
1166 4297 1207 4344 καὶ
1219 4297 1270 4346 τῶν

117 4386 164 4433 μεν
184 4366 359 4453 μακροτέρων
366 4366 399 4419 τὰ
418 4365 587 4462 πρρέηηοντο
582 4363 645 4435 με’ρη
663 4368 709 4419 τοῦ
728 4365 847 4423 σώματος
864 4360 999 4424 ἀπέκοπτε,
1012 4367 1062 4416 τῶν
1080 4362 1109 4415 δὲ
1125 4361 1273 4416 ἐλαττόνων

117 4436 177 4490 τούς
195 4436 276 4490 πόδας
297 4450 459 4521 προεκρουεν
487 4437 534 4507 αφ’
557 4435 635 4504 οὗπερ
655 4434 838 4516 Προκρούστης
858 4433 1005 4500 ὠνομάσθη.
1082 4436 1155 4487 408.
1176 4432 1271 4487 Mino·

117 4515 214 4561 taurus
227 4509 310 4562 tauri
319 4508 566 4578 mentuquefarma
579 4509 637 4563 uiri
635 4505 747 4562 Her.‘'
730 4524 757 4563 n.
770 4518 812 4574 70,
824 4506 895 4561 Isoc.
909 4505 973 4558 Hel
988 4505 1106 4559 Encom.
1119 4518 1149 4572 31
1165 4503 1272 4576 φύσεος
