3038 4988
493 375 840 441 COMMENTARIVS.
1186 382 1243 439 169

87 554 194 594 eomes
204 535 351 605 Euryalus.
383 535 454 589 Aen.
468 532 504 588 ix.
516 547 565 603 179
574 534 617 587 Et
627 535 711 588 iuxta
723 550 832 588 comes
845 532 1002 603 Eumelus.
1074 535 1244 589 63110110-

88 613 181 664 101100
189 606 355 674 Alcibiadis,
365 605 473 660 Cliniae
483 604 541 659 filii.
588 607 801 659 obeumdatus
812 608 941 670 ignibus
953 608 1039 659 atria.
1067 606 1150 659 Corn.
1167 608 1243 675 Nep.

89 679 182 735 Alcib.
192 699 210 733 x
219 679 320 747 Itaque
332 678 411 731 misit
423 675 644 746 (Pharnabazus)
658 675 858 742 Susamithren
870 681 897 728 et
908 676 1056 745 Bagaeum
1068 677 1110 729 ad
1118 676 1244 731 Alcibia-

89 752 153 806 dem
162 748 393 820 interficiendum,
402 764 466 800 cum
478 747 527 800 ille
534 751 603 799 esset
610 747 642 799 in
654 744 783 816 Phrygia
790 749 897 815 iterque
909 747 951 799 ad
959 762 1050 817 regem
1060 750 1244 816 compararet.

89 823 173 878 missi
189 821 261 875 clam
280 819 432 886 uici'ni'tati,
445 819 477 872 in
493 834 551 886 qua
567 823 629 870 tum
641 816 803 871 Alcibiades
816 821 886 884 erat,
898 817 970 870 dant
981 819 1124 887 negotium
1137 823 1170 871 ut
1181 834 1245 871 eum

88 893 270 962 interficiant.
307 890 357 944 illi
370 905 433 943 cum
443 889 527 958 ferro
543 888 664 958 aggredi
677 904 733 940 non
750 888 892 955 auderent,
906 897 1007 941 noctu
1025 887 1116 955 ligna
1135 898 1245 941 contu-

91 963 199 1016 lerunt
219 961 306 1015 circa
324 962 435 1013 casam
453 975 525 1012 eam
544 957 576 1011 in
595 974 658 1026 qua
676 957 881 1027 quiescebat,
894 958 1198 1026 eaquesuccenderunt,
1212 963 1247 1011 ut

88 1033 219 1090 incendio
230 1033 399 1102 conficerent,
412 1046 493 1098 quem
506 1045 593 1082 manu
606 1031 740 1097 superari
750 1033 830 1098 posse
841 1029 1007 1098 diffidebant.
1045 1029 1094 1082 ille
1105 1035 1199 1082 autem
1212 1034 1247 1082 ut

90 1105 187 1156 sonitu
194 1103 334 1172 flammae
345 1106 386 1153 est
397 1101 542 1167 exulatus,
555 1099 609 1152 etsi
618 1099 738 1169 gladius
748 1101 776 1152 ei
785 1105 848 1152 erat
859 1099 1017 1166 subductus,
1022 1098 1188 1167 familiaris
1198 1101 1248 1154 sui

47 1205 51 1212 -
91 1170 496 1242 subalare(?subulare)telum
505 1171 621 1240 eripuit.
639 1174 830 1238 namqueerat
838 1186 900 1223 cum
910 1186 941 1222 eo
949 1171 1065 1239 quidam
1075 1171 1246 1234 exArcadia

91 1244 196 1314 hospes,
206 1245 260 1313 qni
268 1258 424 1311 numquam
436 1241 572 1295 discedere
584 1241 721 1294 uoluerat.
747 1240 823 1294 hum
832 1241 913 1309 sequi
921 1257 950 1293 se
962 1240 1037 1293 iubet
1047 1246 1075 1293 et
1085 1242 1120 1295 id
1128 1241 1205 1310 quod
1214 1242 1246 1295 in

86 1316 252 1386 praesentio
264 1311 570 1381 uestimentorumfuit,
584 1313 698 1381 arripit.
728 1310 774 1364 his
785 1313 816 1363 in
828 1313 922 1380 ignem
935 1312 1027 1364 eiecti's
1032 1311 1173 1380 flammae
1185 1314 1246 1364 uim

91 1387 216 1440 transiit.
260 1401 341 1454 quem
365 1388 399 1436 ut
419 1381 535 1436 barbari
556 1383 716 1436 incendium
739 1382 867 1452 effugisse
888 1381 1030 1449 uiderunt,
1052 1383 1116 1435 telis
1136 1384 1248 1435 eminus

74 1475 77 1480 ·
92 1457 187 1510 missis
204 1455 410 1525 interfecerunt,
423 1456 562 1522 caputque
579 1453 692 1506 eiusad
700 1452 921 1506 Pharnabazum
933 1452 1093 1505 retulerunt
1101 1453 1124 1506 *.
1163 1452 1245 1507 Idem

92 1526 178 1581 tradit
192 1525 336 1579 Diodorus
350 1523 404 1578 xiv.
421 1539 460 1592 11,
476 1524 641 1577 Plutarchus
654 1523 715 1577 Alc.
729 1522 828 1590 xxxix3
847 1521 894 1575 hic
906 1532 1002 1576 tamen
1016 1522 1086 1576 alios
1100 1522 1168 1577 dicit
1182 1540 1245 1577 nar·

93 1614 172 1651 rasse
184 1595 363 1650 Alcibiadem
376 1613 394 1648 a
406 1593 538 1648 fratribus
551 1593 732 1647 mulierculae
746 1610 831 1663 quam
843 1592 983 1662 rapuisset
996 1594 1159 1647 confossum
1172 1594 1245 1660 telis,

93 1668 161 1721 dum
180 1667 297 1721 incensa
315 1683 382 1720 casa
400 1666 497 1733 sugam
515 1674 635 1733 pararet.
674 1665 762 1718 Paulo
777 1663 858 1718 aliter
871 1663 996 1717 Iustinus
1009 1682 1035 1718 v.
1050 1665 1065 1717 8
1081 1664 1168 1733 Quem
1181 1681 1245 1718 cum

87 1740 247 1810 profectum
259 1738 300 1791 ad
307 1737 490 1790 Artaxerxen
500 1737 654 1788 Persarum
667 1750 759 1805 regem
771 1735 944 1804 conperisset,
954 1736 1040 1788 citato
1052 1735 1153 1788 itinere
1165 1737 1245 1788 mise·

92 1815 171 1878 runt,
184 1810 237 1878 qui
249 1824 313 1861 eum
329 1809 545 1876 interciperent:
565 1823 584 1859 a
601 1806 703 1874 quibus
720 1809 877 1875 occupatus,
889 1821 953 1857 cum
972 1807 1060 1859 occidi
1075 1809 1170 1875 aperte
1188 1823 1245 1859 non

87 1885 190 1951 posset,
210 1881 297 1933 uiuus
317 1880 349 1932 in
369 1877 501 1945 cubiculo,
520 1878 552 1930 in
573 1893 628 1946 quo
647 1877 808 1943 dormiebat,
826 1881 966 1928 crematus
986 1881 1034 1930 est.
1076 1877 1162 1945 lgnes
1181 1881 1245 1931 atri

94 1951 225 2004 dicuntur
248 1959 394 2018 tamquam
418 1949 496 2002 fumo
520 1946 604 2017 pleni.
647 1946 721 2001 Vide
745 1945 953 2014 Coningtonem
975 1947 1012 2000 ad
1033 1947 1104 2000 Aen.
1126 1946 1161 2001 iv.
1183 1948 1243 2015 384

92 2025 161 2075 634.
182 2023 398 2075 semicremata
410 2017 562 2087 ἡμὶφλεκτα.
602 2017 649 2072 Sic
662 2017 698 2072 de
712 2018 835 2071 Hercule
847 2016 987 2070 Lucianus
1002 2016 1075 2071 Dial
1092 2019 1176 2072 Mort.
1187 2018 1244 2073 xiii.

94 2107 111 2145 2
124 2091 218 2162 Πμῴην
230 2090 337 2157 ἀνῆλθες
349 2089 507 2159 ἡμίφλεκτος
518 2089 561 2143 ὑπ’
573 2088 671 2157 ἀμφοῖν
683 2087 870 2157 διεφθαρμένος
881 2088 912 2139 τὸ
925 2091 1009 2156 σῶμα,
1023 2088 1063 2140 καὶ
1079 2090 1125 2141 τοῦ
1138 2094 1246 2158 χιτῶνος

94 2164 135 2215 roi
155 2162 219 2231 μετὰ
240 2164 317 2214 τοῦτο
337 2164 384 2213 τοῦ
404 2162 492 2229 πυρός.
566 2163 693 2225 Stygiae
713 2163 785 2213 neci
805 2158 860 2213 ‘So
882 2159 943 2212 that
963 2159 1032 2212 thou
1053 2169 1147 2227 mayst
1168 2159 1245 2214 halfe

94 2233 204 2287 bumed
221 2233 306 2286 beare
325 2231 375 2300 thy
393 2230 535 2285 members
554 2240 584 2284 to
608 2232 659 2298 thy
675 2230 779 2298 grave?
807 2231 840 2284 T.
851 2229 1041 2283 Vnderdown.
1089 2230 1245 2284 Merkelius

94 2312 240 2373 comparat
261 2304 301 2356 M.
314 2301 352 2355 iii.
365 2302 418 2370 694
429 2303 609 2370 cruciataque
623 2302 697 2355 diris
710 2302 835 2370 Corpora
852 2302 1000 2354 tormentis
1014 2301 1132 2370 Stygiae
1146 2302 1245 2354 demit-

94 2378 146 2430 tite
166 2374 259 2427 morti.
335 2375 403 2426 635.
422 2377 528 2427 Remo.
562 2371 621 2426 Liu.
636 2371 652 2426 i.
667 2384 682 2438 7
701 2372 852 2442 Vulgatior
854 2373 941 2442 sama
953 2377 994 2425 est
1006 2371 1129 2425 ludibrio
1133 2373 1246 2442 fratris

94 2447 213 2499 Remum
221 2459 308 2497 nouos
316 2444 495 2497 transiluisse
507 2460 611 2508 muros,
618 2444 684 2496 inde
695 2443 729 2496 ab
736 2445 812 2496 irato
821 2443 949 2510 Romulo,
960 2459 1023 2496 cum
1032 2443 1126 2496 uerbis
1137 2459 1246 2512 qnoque

93 2517 267 2586 increpitans
281 2515 430 2582 adiecisset,
445 2514 509 2567 ‘Sic
520 2515 618 2568 deinde
629 2515 789 2583 quicunque
800 2514 877 2567 alius
892 2514 1037 2567 transiliet
1048 2515 1157 2566 moenia
1170 2515 1246 2567 mea'

94 2587 278 2656 interfectum.
318 2585 383 2653 Alii,
402 2585 438 2639 ab
458 2584 492 2638 iis
511 2584 558 2655 qui
578 2602 642 2638 cum
661 2585 784 2638 Romulo
803 2594 891 2652 erant,
911 2584 1032 2638 Ouidius
1051 2585 1083 2639 F.
1097 2583 1133 2638 iv.
1147 2585 1208 2652 843,
1227 2602 1246 2639 a

97 2659 203 2726 Celere,
226 2672 310 2727 quem
334 2655 395 2709 urbi
420 2655 587 2715 condendae
609 2656 791 2725 praefecerat,
813 2655 992 2710 interfectum
1014 2657 1137 2708 Remum
1159 2655 1245 2710 tradi-

95 2729 204 2782 derunt.
302 2729 370 2781 636.
388 2731 519 2789 tristitia,
532 2728 563 2781 F.
577 2726 613 2781 iv.
626 2728 679 2795 809
691 2743 770 2779 omne
790 2728 963 2780 Pastorum
977 2726 1092 2796 gemino
1109 2727 1160 2779 sub
1178 2727 1247 2780 duce

96 2799 203 2869 uulgus
213 2802 281 2852 erat.
320 2798 490 2851 Contrahere
509 2807 661 2866 agrestes
680 2803 708 2851 et
719 2799 829 2851 moenia
843 2801 945 2866 ponere
961 2799 1075 2866 utrique
1089 2797 1247 2853 Conuenit:

96 2870 259 2939 ambigitur,
271 2870 380 2922 moenia
391 2872 484 2938 ponat
495 2875 566 2924 uter.
598 2868 641 2922 Ibi
656 2868 775 2922 Ouidius
789 2867 857 2922 dicit
868 2869 996 2922 Celerem
1009 2873 1099 2935 rutro,
1113 2868 1189 2937 quod
1202 2878 1246 2922 est

96 2939 312 2994 instrumentum
325 2939 486 3009 agrestium,
497 2942 619 2993 Remum
632 2938 807 3038 oppressisse
820 2938 903 3008 (843).
976 2941 1047 2991 638.
1065 2940 1117 2993 his
1130 2978 1137 2993 .
1151 2941 1246 2994 ‚locis

95 3011 151 3064 hac
168 3009 283 3079 regione
303 3009 392 3065 Ponti.
500 3012 649 3065 639-644.
684 3011 779 3063 These
795 3009 890 3078 things
909 3007 938 3062 in
958 3008 1058 3062 sodain
1078 3009 1163 3062 mode
1180 3010 1245 3063 thus

96 3081 172 3150 pend
191 3091 220 3134 to
237 3081 302 3135 thee
321 3079 447 3135 directed
464 3080 508 3149 be,
528 3082 603 3135 That
622 3082 691 3135 thou
712 3081 803 3135 neede
824 3089 874 3134 not
893 3081 1061 3149 complayne
1079 3081 1141 3134 that
1162 3081 1173 3133 I
1194 3097 1245 3132 un-

96 3151 242 3206 mindesull
261 3168 308 3205 am
327 3152 359 3205 01
373 3153 446 3206 thee.
484 3152 565 3221 They
578 3169 625 3207 are
642 3152 693 3206 but
709 3152 770 3220 few,
791 3153 803 3204 I
824 3159 933 3220 graunt,
951 3150 1002 3204 but
1017 3150 1082 3204 God
1101 3168 1154 3204 can
1173 3168 1245 3219 geue

96 3239 151 3290 my
163 3239 277 3292 prayers
295 3238 382 3291 more,
399 3222 466 3278 And
482 3221 548 3277 with
567 3222 611 3276 his
629 3222 710 3276 fauor
728 3239 777 3291 my
794 3230 939 3292 requestes
959 3238 1012 3275 can
1030 3220 1160 3291 multiply
1178 3221 1245 3275 with

96 3303 180 3348 store.
216 3292 365 3347 Hereaiter
383 3293 452 3348 thou
468 3294 553 3348 much
567 3311 644 3348 more
658 3294 732 3349 shalt
748 3293 834 3348 reade
853 3291 959 3347 wherin
972 3291 1071 3346 shalbe
1084 3293 1135 3361 thy
1144 3306 1247 3347 namet

130 3439 245 3488 *Similis
264 3440 309 3487 fuit
327 3455 388 3488 mors
406 3439 550 3501 imperatoris
570 3441 673 3489 Romani
692 3441 794 3489 Valentis
812 3448 865 3502 post
882 3454 984 3503 pugnam
1005 3439 1033 3486 ad
1056 3439 1247 3501 Hadrianopolim

97 3519 150 3554 nu.
161 3505 217 3569 378.
241 3506 341 3561 Gibbon‚
354 3507 447 3554 Decline
458 3509 503 3554 and
515 3507 569 3563 Fall,
581 3523 601 3555 c.
611 3508 675 3562 xxvi,
688 3509 737 3569 ·By
748 3508 788 3555 the
799 3522 852 3554 care
863 3507 891 3553 01
903 3507 939 3555 his
952 3506 1091 3564 attendants,
1104 3507 1189 3554 Valens
1201 3523 1248 3554 was

97 3572 206 3619 removed
223 3571 284 3618 from
302 3572 340 3619 the
358 3571 411 3619 field
427 3573 455 3618 of
469 3573 541 3620 battle
557 3582 583 3620 to
598 3589 611 3620 a
626 3573 794 3638 neighbouring
810 3581 910 3638 cottage.
923 3572 999 3618 where
1011 3572 1067 3633 they
1079 3575 1208 3634 attempted
1219 3582 1247 3620 1ο

98 3639 159 3684 dress
178 3637 212 3683 his
233 3637 325 3693 wound,
345 3639 390 3684 and
406 3646 432 3684 to
449 3640 543 3699 provide
560 3637 596 3686 ior
612 3637 648 3685 his
665 3640 741 3686 future
758 3640 840 3701 saiety.
875 3641 920 3686 But
937 3638 982 3685 this
997 3639 1092 3684 humble
1104 3648 1188 3686 retreat
1200 3656 1248 3687 was

100 3703 210 3763 instantly
221 3703 359 3750 surrounded
376 3705 408 3765 by
419 3703 459 3751 the
473 3719 569 3765 enemy:
587 3705 644 3766 they
656 3707 714 3752 tried
730 3714 755 3751 to
767 3706 830 3754 force
845 3705 885 3752 the
897 3698 969 3762 door;
986 3705 1042 3766 they
1054 3721 1115 3753 were
1126 3707 1248 3766 provoked

98 3769 130 3829 by
141 3784 154 3814 a
165 3767 283 3830 discharge
295 3771 322 3814 01
330 3784 415 3816 arrows
426 3769 486 3816 from
497 3770 538 3817 the
551 3772 608 3829 root,
622 3771 657 3817 till
667 3779 692 3817 at
705 3771 793 3833 length,
802 3772 924 3831 impatient
936 3771 963 3817 01
972 3771 1047 3832 delay,
1057 3771 1113 3833 they
1122 3781 1157 3820 set
1168 3773 1209 3819 tire
1222 3781 1247 3819 to

99 3850 112 3880 a
129 3835 174 3893 pile
190 3834 218 3880 of
231 3834 273 3896 dry
290 3834 388 3898 tuggon,
405 3836 451 3881 and
468 3837 592 3883 consumed
613 3836 653 3882 the
670 3845 764 3900 cottage
784 3838 842 3884 with
858 3838 898 3884 the
916 3839 1010 3884 Roman
1026 3838 1137 3900 Emperor
1155 3839 1200 3885 and
1212 3839 1248 3885 his

98 3897 174 3948 train’
207 3900 293 3960 Estque
312 3903 406 3962 dignum
426 3910 508 3948 notatu
528 3903 618 3962 quoties
638 3903 662 3948 in
680 3904 773 3962 proeliis
793 3913 816 3951 et
836 3905 903 3950 rebus
923 3904 992 3967 gestis
1009 3904 1142 3951 Gothorum
1162 3914 1248 3951 mortes

99 3965 168 4012 ibidis
179 3980 205 4012 ac
217 3966 325 4025 supplicia
337 3976 482 4013 renouentur.
516 3967 551 4014 Sic
563 3967 657 4029 Tydeus
669 3969 795 4030 Menalippi
807 3977 876 4028 caput
887 3971 1014 4016 exsorbeus
1021 3969 1119 4016 similem
1131 3971 1164 4016 sui
1176 3969 1248 4017 habet

99 4031 234 4078 Saracenum
246 4032 309 4078 illum
321 4046 357 4091 ap.
369 4032 447 4079 Amin.
459 4033 532 4080 Marc.
544 4035 607 4082 xxxi.
620 4030 649 4080 16
659 4034 762 4082 Crinitus
772 4035 869 4098 quidam
879 4035 956 4081 nudus
967 4034 1046 4080 omnio
1055 4043 1147 4096 praeter
1155 4036 1246 4096 pubem,

99 4096 239 4144 subraucum
251 4111 279 4143 oc
289 4097 386 4160 lugubre
402 4106 509 4158 suepens,
526 4099 605 4146 educto
620 4100 723 4162 pugione
740 4100 834 4165 agmini
850 4116 872 4148 se
889 4100 964 4148 medio
977 4099 1109 4147 Gothorum
1120 4101 1217 4148 inseruit
1228 4110 1249 4148 et

100 4162 209 4220 interjecti
220 4162 290 4209 hostis
301 4161 383 4224 iugulo
393 4163 461 4224 labra
472 4164 585 4223 adnionit,
601 4165 739 4229 effusumque
754 4182 859 4213 cruorem
874 4166 984 4213 insuerit.
1018 4165 1055 4212 sic
1068 4166 1146 4213 Mettii
1159 4167 1248 4215 Suffetii

99 4241 198 4287 poenam
209 4228 371 4275 Hermamicus
382 4243 422 4274 rex
438 4229 569 4277 Gothorum
582 4233 684 4278 imitatus
696 4242 728 4279 est
740 4247 793 4280 cum
810 4231 937 4294 qnamdam
950 4231 1068 4280 mulierem
1079 4233 1248 4281 Suonihildam

100 4293 189 4340 nomine
207 4294 270 4356 equis
280 4292 395 4352 ferocibus
412 4294 529 4358 illigatam
546 4297 689 4360 incitatisque
705 4299 807 4346 cursibus
821 4307 865 4360 per
881 4299 974 4345 diuersa
991 4296 1072 4345 diuelli
1085 4300 1247 4361 praecepisset.

100 4358 190 4406 Iordan.
202 4358 232 4405 de
246 4359 299 4406 Get.
312 4359 375 4422 Orig.
387 4361 450 4411 xxiv.
483 4362 518 4409 Sic
535 4364 686 4425 Sardanapalli
698 4365 765 4413 sunus
777 4380 829 4412 cum
841 4364 961 4412 carissimis
973 4378 1066 4412 suorum
1078 4375 1248 4427 repraesentant

100 4424 317 4552 ἓξίεοοίοὸομὴίὴο
333 4441 384 4474 cum
400 4426 553 4489 sepelientibus
569 4430 651 4492 sepulti
669 4431 771 4494 (lordau,
784 4432 851 4494 xlix),
869 4440 893 4480 et
911 4431 1050 4480 Hunnorum
1068 4433 1175 4496 (Procop.
1190 4433 1246 4483 Bell.

97 4530 99 4534 .
144 4504 161 4537 s.
172 4505 187 4538 1.
231 4527 236 4540 .
