<?xml version="1.0" encoding="UTF-8"?>
<!DOCTYPE html PUBLIC "-//W3C//DTD XHTML 1.0 Transitional//EN"
    "http://www.w3.org/TR/xhtml1/DTD/xhtml1-transitional.dtd">
<html xmlns="http://www.w3.org/1999/xhtml" xml:lang="en" lang="en">
 <head>
  <title>
</title>
<meta http-equiv="Content-Type" content="text/html;charset=utf-8" />
  <meta name='ocr-system' content='tesseract 3.04.00' />
  <meta name='ocr-capabilities' content='ocr_page ocr_carea ocr_par ocr_line ocrx_word'/>
</head>
<body>
  <div class='ocr_page' id='page_1' title='image "./povidiinasonisi00ovidgoog_0017.png"; bbox 0 0 3082 4980; ppageno 0'>
   <div class='ocr_carea' id='block_1_1' title="bbox 216 349 918 423">
    <p class='ocr_par' dir='ltr' id='par_1_1' title="bbox 216 349 918 423">
     <span class='ocr_line' id='line_1_1' title="bbox 216 349 918 423; baseline 0.003 -5"><span class='ocrx_word' id='word_1_1' title='bbox 216 349 256 418; x_wconf 81' lang='lat' dir='ltr'>‘xii</span> <span class='ocrx_word' id='word_1_2' title='bbox 673 360 918 423; x_wconf 85' lang='lat' dir='ltr'><strong>PRAEFATIO.</strong></span> 
     </span>
    </p>
   </div>
   <div class='ocr_carea' id='block_1_2' title="bbox 200 517 1392 2482">
    <p class='ocr_par' dir='ltr' id='par_1_2' title="bbox 200 517 1392 2482">
     <span class='ocr_line' id='line_1_2' title="bbox 218 517 1370 599; baseline 0.005 -25"><span class='ocrx_word' id='word_1_3' title='bbox 218 517 364 594; x_wconf 88' lang='lat' dir='ltr'>praeditus</span> <span class='ocrx_word' id='word_1_4' title='bbox 386 518 504 595; x_wconf 91' lang='lat' dir='ltr'>ingenio</span> <span class='ocrx_word' id='word_1_5' title='bbox 524 518 683 596; x_wconf 85' lang='lat' dir='ltr'>DIonysius</span> <span class='ocrx_word' id='word_1_6' title='bbox 706 519 878 596; x_wconf 90' lang='lat' dir='ltr'>Saluagnius</span> <span class='ocrx_word' id='word_1_7' title='bbox 898 519 1036 579; x_wconf 90' lang='lat' dir='ltr'>Boessius</span> <span class='ocrx_word' id='word_1_8' title='bbox 1057 519 1161 599; x_wconf 85' lang='lat' dir='ltr'>(Denis</span> <span class='ocrx_word' id='word_1_9' title='bbox 1181 521 1218 581; x_wconf 95' lang='lat' dir='ltr'>de</span> <span class='ocrx_word' id='word_1_10' title='bbox 1237 521 1370 586; x_wconf 89' lang='lat' dir='ltr'>Boissieu</span> 
     </span>
     <span class='ocr_line' id='line_1_3' title="bbox 218 610 1369 693; baseline 0.005 -25"><span class='ocrx_word' id='word_1_11' title='bbox 218 611 255 669; x_wconf 90' lang='lat' dir='ltr'>de</span> <span class='ocrx_word' id='word_1_12' title='bbox 273 610 419 691; x_wconf 77' lang='lat' dir='ltr'>Salvaing)</span> <span class='ocrx_word' id='word_1_13' title='bbox 434 614 484 690; x_wconf 93' lang='lat' dir='ltr'>qui</span> <span class='ocrx_word' id='word_1_14' title='bbox 503 631 706 690; x_wconf 89' lang='lat' dir='ltr'>quaecumque</span> <span class='ocrx_word' id='word_1_15' title='bbox 727 613 763 673; x_wconf 96' lang='lat' dir='ltr'>de</span> <span class='ocrx_word' id='word_1_16' title='bbox 782 613 839 672; x_wconf 93' lang='lat' dir='ltr'>hoc</span> <span class='ocrx_word' id='word_1_17' title='bbox 860 615 988 673; x_wconf 85' lang='lat' dir='ltr'>carmine</span> <span class='ocrx_word' id='word_1_18' title='bbox 1006 614 1083 672; x_wconf 90' lang='lat' dir='ltr'>edita</span> <span class='ocrx_word' id='word_1_19' title='bbox 1102 614 1213 674; x_wconf 89' lang='lat' dir='ltr'>fuerant</span> <span class='ocrx_word' id='word_1_20' title='bbox 1233 617 1369 693; x_wconf 79' lang='lat' dir='ltr'>exigeret,</span> 
     </span>
     <span class='ocr_line' id='line_1_4' title="bbox 200 705 1370 784; baseline 0.005 -22"><span class='ocrx_word' id='word_1_21' title='bbox 200 723 286 764; x_wconf 83' lang='lat' dir='ltr'>·uera</span> <span class='ocrx_word' id='word_1_22' title='bbox 299 705 378 765; x_wconf 85' lang='lat' dir='ltr'>falsis</span> <span class='ocrx_word' id='word_1_23' title='bbox 392 706 574 777; x_wconf 85' lang='lat' dir='ltr'>discerneret,</span> <span class='ocrx_word' id='word_1_24' title='bbox 590 708 691 767; x_wconf 91' lang='lat' dir='ltr'>omnia</span> <span class='ocrx_word' id='word_1_25' title='bbox 705 707 802 784; x_wconf 91' lang='lat' dir='ltr'>largae</span> <span class='ocrx_word' id='word_1_26' title='bbox 817 707 986 766; x_wconf 85' lang='lat' dir='ltr'>eruditionIs</span> <span class='ocrx_word' id='word_1_27' title='bbox 1001 708 1066 767; x_wconf 86' lang='lat' dir='ltr'>luce</span> <span class='ocrx_word' id='word_1_28' title='bbox 1081 709 1250 768; x_wconf 85' lang='lat' dir='ltr'>inlustraret.</span> <span class='ocrx_word' id='word_1_29' title='bbox 1291 710 1370 768; x_wconf 89' lang='lat' dir='ltr'>Edu-</span> 
     </span>
     <span class='ocr_line' id='line_1_5' title="bbox 217 800 1369 879; baseline 0.002 -19"><span class='ocrx_word' id='word_1_30' title='bbox 217 809 299 860; x_wconf 85' lang='lat' dir='ltr'>catus</span> <span class='ocrx_word' id='word_1_31' title='bbox 319 800 410 859; x_wconf 88' lang='lat' dir='ltr'>suerat</span> <span class='ocrx_word' id='word_1_32' title='bbox 431 819 492 859; x_wconf 91' lang='lat' dir='ltr'>non</span> <span class='ocrx_word' id='word_1_33' title='bbox 513 801 601 877; x_wconf 87' lang='lat' dir='ltr'>longe</span> <span class='ocrx_word' id='word_1_34' title='bbox 622 819 639 860; x_wconf 89' lang='lat' dir='ltr'>a</span> <span class='ocrx_word' id='word_1_35' title='bbox 657 802 748 860; x_wconf 92' lang='lat' dir='ltr'>domo</span> <span class='ocrx_word' id='word_1_36' title='bbox 770 821 822 860; x_wconf 91' lang='lat' dir='ltr'>sua</span> <span class='ocrx_word' id='word_1_37' title='bbox 836 802 968 860; x_wconf 81' lang='lat' dir='ltr'>Viennae</span> <span class='ocrx_word' id='word_1_38' title='bbox 990 804 1020 859; x_wconf 92' lang='lat' dir='ltr'>in</span> <span class='ocrx_word' id='word_1_39' title='bbox 1042 803 1166 879; x_wconf 90' lang='lat' dir='ltr'>collegio</span> <span class='ocrx_word' id='word_1_40' title='bbox 1187 804 1369 875; x_wconf 91' lang='lat' dir='ltr'>Iesuitarum,</span> 
     </span>
     <span class='ocr_line' id='line_1_6' title="bbox 217 894 1371 973; baseline 0.005 -22"><span class='ocrx_word' id='word_1_41' title='bbox 217 912 288 952; x_wconf 87' lang='lat' dir='ltr'>mox</span> <span class='ocrx_word' id='word_1_42' title='bbox 309 895 339 953; x_wconf 90' lang='lat' dir='ltr'>in</span> <span class='ocrx_word' id='word_1_43' title='bbox 353 894 547 954; x_wconf 90' lang='lat' dir='ltr'>Vniuersitate</span> <span class='ocrx_word' id='word_1_44' title='bbox 565 896 750 969; x_wconf 88' lang='lat' dir='ltr'>Parisiorum,</span> <span class='ocrx_word' id='word_1_45' title='bbox 768 897 818 954; x_wconf 94' lang='lat' dir='ltr'>ubi</span> <span class='ocrx_word' id='word_1_46' title='bbox 840 895 1014 973; x_wconf 91' lang='lat' dir='ltr'>Dionysium</span> <span class='ocrx_word' id='word_1_47' title='bbox 1033 897 1194 968; x_wconf 90' lang='lat' dir='ltr'>Petauium,</span> <span class='ocrx_word' id='word_1_48' title='bbox 1214 899 1371 957; x_wconf 85' lang='lat' dir='ltr'>Nicolaum</span> 
     </span>
     <span class='ocr_line' id='line_1_7' title="bbox 218 988 1370 1062; baseline 0.002 -14"><span class='ocrx_word' id='word_1_49' title='bbox 218 989 401 1060; x_wconf 88' lang='lat' dir='ltr'>Caussinum,</span> <span class='ocrx_word' id='word_1_50' title='bbox 417 988 551 1048; x_wconf 91' lang='lat' dir='ltr'>Isaacum</span> <span class='ocrx_word' id='word_1_51' title='bbox 568 989 740 1062; x_wconf 90' lang='lat' dir='ltr'>Habertum,</span> <span class='ocrx_word' id='word_1_52' title='bbox 761 989 948 1049; x_wconf 90' lang='lat' dir='ltr'>Fredericum</span> <span class='ocrx_word' id='word_1_53' title='bbox 968 991 1133 1062; x_wconf 87' lang='lat' dir='ltr'>Morellum,</span> <span class='ocrx_word' id='word_1_54' title='bbox 1156 992 1297 1052; x_wconf 91' lang='lat' dir='ltr'>Iacobum</span> <span class='ocrx_word' id='word_1_55' title='bbox 1314 994 1370 1053; x_wconf 90' lang='lat' dir='ltr'>Sir-</span> 
     </span>
     <span class='ocr_line' id='line_1_8' title="bbox 218 1083 1369 1158; baseline 0.004 -17"><span class='ocrx_word' id='word_1_56' title='bbox 218 1083 362 1142; x_wconf 88' lang='lat' dir='ltr'>mondum</span> <span class='ocrx_word' id='word_1_57' title='bbox 386 1084 522 1143; x_wconf 87' lang='lat' dir='ltr'>audierat.</span> <span class='ocrx_word' id='word_1_58' title='bbox 575 1084 636 1142; x_wconf 91' lang='lat' dir='ltr'>luri</span> <span class='ocrx_word' id='word_1_59' title='bbox 660 1085 736 1144; x_wconf 92' lang='lat' dir='ltr'>ciuili</span> <span class='ocrx_word' id='word_1_60' title='bbox 759 1084 910 1144; x_wconf 89' lang='lat' dir='ltr'>Valentiae</span> <span class='ocrx_word' id='word_1_61' title='bbox 939 1086 1068 1144; x_wconf 91' lang='lat' dir='ltr'>incubuit</span> <span class='ocrx_word' id='word_1_62' title='bbox 1093 1104 1171 1144; x_wconf 88' lang='lat' dir='ltr'>anno</span> <span class='ocrx_word' id='word_1_63' title='bbox 1200 1090 1286 1158; x_wconf 83' lang='lat'>1621,</span> <span class='ocrx_word' id='word_1_64' title='bbox 1311 1089 1369 1146; x_wconf 93' lang='lat' dir='ltr'>iam</span> 
     </span>
     <span class='ocr_line' id='line_1_9' title="bbox 218 1177 1370 1258; baseline 0.003 -21"><span class='ocrx_word' id='word_1_65' title='bbox 218 1177 358 1237; x_wconf 89' lang='lat' dir='ltr'>confectis</span> <span class='ocrx_word' id='word_1_66' title='bbox 372 1179 666 1237; x_wconf 88' lang='lat' dir='ltr'>commentationibus</span> <span class='ocrx_word' id='word_1_67' title='bbox 681 1180 711 1237; x_wconf 92' lang='lat' dir='ltr'>in</span> <span class='ocrx_word' id='word_1_68' title='bbox 725 1179 792 1238; x_wconf 91' lang='lat' dir='ltr'>Ibin</span> <span class='ocrx_word' id='word_1_69' title='bbox 807 1180 831 1238; x_wconf 92' lang='lat' dir='ltr'>si</span> <span class='ocrx_word' id='word_1_70' title='bbox 846 1180 991 1240; x_wconf 90' lang='lat' dir='ltr'>credimus</span> <span class='ocrx_word' id='word_1_71' title='bbox 1009 1180 1063 1255; x_wconf 93' lang='lat' dir='ltr'>ipsi</span> <span class='ocrx_word' id='word_1_72' title='bbox 1084 1180 1120 1238; x_wconf 93' lang='lat' dir='ltr'>ad</span> <span class='ocrx_word' id='word_1_73' title='bbox 1139 1198 1167 1238; x_wconf 89' lang='lat' dir='ltr'>u.</span> <span class='ocrx_word' id='word_1_74' title='bbox 1184 1184 1255 1256; x_wconf 85' lang='lat'><strong>637:</strong></span> <span class='ocrx_word' id='word_1_75' title='bbox 1281 1186 1370 1258; x_wconf 92' lang='lat' dir='ltr'>‘quas</span> 
     </span>
     <span class='ocr_line' id='line_1_10' title="bbox 219 1269 1370 1351; baseline 0.003 -21"><span class='ocrx_word' id='word_1_76' title='bbox 219 1271 378 1331; x_wconf 91' lang='lat' dir='ltr'>admodum</span> <span class='ocrx_word' id='word_1_77' title='bbox 393 1272 504 1330; x_wconf 90' lang='lat' dir='ltr'>iuuenis</span> <span class='ocrx_word' id='word_1_78' title='bbox 518 1269 762 1349; x_wconf 77' lang='lat' dir='ltr'>auspicatus&#39;sum</span> <span class='ocrx_word' id='word_1_79' title='bbox 771 1272 905 1332; x_wconf 90' lang='lat' dir='ltr'>Viennae</span> <span class='ocrx_word' id='word_1_80' title='bbox 914 1273 1118 1350; x_wconf 90' lang='lat' dir='ltr'>Allobrogum,</span> <span class='ocrx_word' id='word_1_81' title='bbox 1131 1276 1267 1351; x_wconf 92' lang='lat' dir='ltr'>promoui</span> <span class='ocrx_word' id='word_1_82' title='bbox 1282 1275 1370 1334; x_wconf 88' lang='lat' dir='ltr'>Lute-</span> 
     </span>
     <span class='ocr_line' id='line_1_11' title="bbox 218 1365 1370 1446; baseline 0.004 -23"><span class='ocrx_word' id='word_1_83' title='bbox 218 1366 275 1424; x_wconf 91' lang='lat' dir='ltr'>tiae</span> <span class='ocrx_word' id='word_1_84' title='bbox 300 1365 482 1437; x_wconf 91' lang='lat' dir='ltr'>Parisiorum,</span> <span class='ocrx_word' id='word_1_85' title='bbox 507 1366 619 1425; x_wconf 91' lang='lat' dir='ltr'>absolui</span> <span class='ocrx_word' id='word_1_86' title='bbox 643 1365 763 1425; x_wconf 91' lang='lat' dir='ltr'>tandem</span> <span class='ocrx_word' id='word_1_87' title='bbox 790 1367 821 1423; x_wconf 89' lang='lat' dir='ltr'>iu</span> <span class='ocrx_word' id='word_1_88' title='bbox 843 1367 981 1425; x_wconf 90' lang='lat' dir='ltr'>Voreano</span> <span class='ocrx_word' id='word_1_89' title='bbox 1005 1366 1141 1446; x_wconf 72' lang='lat' dir='ltr'>(Vourey)</span> <span class='ocrx_word' id='word_1_90' title='bbox 1166 1386 1234 1426; x_wconf 89' lang='lat' dir='ltr'>meo</span> <span class='ocrx_word' id='word_1_91' title='bbox 1259 1387 1370 1428; x_wconf 89' lang='lat' dir='ltr'>annum</span> 
     </span>
     <span class='ocr_line' id='line_1_12' title="bbox 217 1459 1370 1538; baseline 0.004 -20"><span class='ocrx_word' id='word_1_92' title='bbox 217 1478 309 1538; x_wconf 87' lang='lat' dir='ltr'>agens</span> <span class='ocrx_word' id='word_1_93' title='bbox 330 1461 431 1519; x_wconf 88' lang='lat' dir='ltr'>aetatis</span> <span class='ocrx_word' id='word_1_94' title='bbox 451 1459 640 1519; x_wconf 68' lang='lat' dir='ltr'>uicesimum!</span> <span class='ocrx_word' id='word_1_95' title='bbox 684 1460 742 1519; x_wconf 90' lang='lat' dir='ltr'>Sed</span> <span class='ocrx_word' id='word_1_96' title='bbox 763 1461 863 1521; x_wconf 91' lang='lat' dir='ltr'>nescio</span> <span class='ocrx_word' id='word_1_97' title='bbox 885 1479 944 1538; x_wconf 91' lang='lat' dir='ltr'>qua</span> <span class='ocrx_word' id='word_1_98' title='bbox 964 1480 1052 1520; x_wconf 92' lang='lat' dir='ltr'>causa</span> <span class='ocrx_word' id='word_1_99' title='bbox 1072 1462 1227 1538; x_wconf 90' lang='lat' dir='ltr'>inpeditus,</span> <span class='ocrx_word' id='word_1_100' title='bbox 1248 1462 1370 1523; x_wconf 89' lang='lat' dir='ltr'>fortasse</span> 
     </span>
     <span class='ocr_line' id='line_1_13' title="bbox 218 1555 1370 1633; baseline 0.001 -18"><span class='ocrx_word' id='word_1_101' title='bbox 218 1555 367 1615; x_wconf 92' lang='lat' dir='ltr'>amoribus</span> <span class='ocrx_word' id='word_1_102' title='bbox 388 1555 492 1632; x_wconf 93' lang='lat' dir='ltr'>quibus</span> <span class='ocrx_word' id='word_1_103' title='bbox 514 1573 545 1614; x_wconf 90' lang='lat' dir='ltr'>se</span> <span class='ocrx_word' id='word_1_104' title='bbox 566 1555 688 1613; x_wconf 92' lang='lat' dir='ltr'>nimium</span> <span class='ocrx_word' id='word_1_105' title='bbox 710 1555 840 1614; x_wconf 90' lang='lat' dir='ltr'>deditum</span> <span class='ocrx_word' id='word_1_106' title='bbox 865 1555 952 1614; x_wconf 88' lang='lat' dir='ltr'>fuisse</span> <span class='ocrx_word' id='word_1_107' title='bbox 973 1557 1128 1615; x_wconf 90' lang='lat' dir='ltr'>confitetur</span> <span class='ocrx_word' id='word_1_108' title='bbox 1151 1557 1181 1614; x_wconf 90' lang='lat' dir='ltr'>iu</span> <span class='ocrx_word' id='word_1_109' title='bbox 1205 1556 1307 1633; x_wconf 86' lang='lat' dir='ltr'>Elegia</span> <span class='ocrx_word' id='word_1_110' title='bbox 1333 1558 1370 1616; x_wconf 90' lang='lat' dir='ltr'>de</span> 
     </span>
     <span class='ocr_line' id='line_1_14' title="bbox 216 1648 1370 1727; baseline 0.004 -23"><span class='ocrx_word' id='word_1_111' title='bbox 216 1648 284 1707; x_wconf 87' lang='lat' dir='ltr'>Vita</span> <span class='ocrx_word' id='word_1_112' title='bbox 309 1667 369 1720; x_wconf 91' lang='lat' dir='ltr'>sua,</span> <span class='ocrx_word' id='word_1_113' title='bbox 393 1659 421 1708; x_wconf 91' lang='lat' dir='ltr'>et</span> <span class='ocrx_word' id='word_1_114' title='bbox 445 1649 476 1707; x_wconf 90' lang='lat' dir='ltr'>in</span> <span class='ocrx_word' id='word_1_115' title='bbox 499 1648 596 1707; x_wconf 91' lang='lat' dir='ltr'>libello</span> <span class='ocrx_word' id='word_1_116' title='bbox 621 1666 709 1726; x_wconf 93' lang='lat' dir='ltr'>quem</span> <span class='ocrx_word' id='word_1_117' title='bbox 735 1649 771 1708; x_wconf 92' lang='lat' dir='ltr'>de</span> <span class='ocrx_word' id='word_1_118' title='bbox 796 1651 855 1708; x_wconf 91' lang='lat' dir='ltr'>suis</span> <span class='ocrx_word' id='word_1_119' title='bbox 880 1650 951 1709; x_wconf 91' lang='lat' dir='ltr'>actis</span> <span class='ocrx_word' id='word_1_120' title='bbox 976 1651 1094 1726; x_wconf 91' lang='lat' dir='ltr'>propria</span> <span class='ocrx_word' id='word_1_121' title='bbox 1118 1651 1370 1727; x_wconf 86' lang='lat' dir='ltr'>manuscriptum</span> 
     </span>
     <span class='ocr_line' id='line_1_15' title="bbox 218 1743 1368 1820; baseline 0 -18"><span class='ocrx_word' id='word_1_122' title='bbox 218 1743 330 1802; x_wconf 89' lang='lat' dir='ltr'>Gallice</span> <span class='ocrx_word' id='word_1_123' title='bbox 357 1743 479 1820; x_wconf 90' lang='lat' dir='ltr'>reliquit,</span> <span class='ocrx_word' id='word_1_124' title='bbox 509 1743 575 1800; x_wconf 92' lang='lat' dir='ltr'>Ibin</span> <span class='ocrx_word' id='word_1_125' title='bbox 602 1761 664 1803; x_wconf 92' lang='lat' dir='ltr'>non</span> <span class='ocrx_word' id='word_1_126' title='bbox 692 1754 759 1802; x_wconf 90' lang='lat' dir='ltr'>ante</span> <span class='ocrx_word' id='word_1_127' title='bbox 787 1763 898 1802; x_wconf 87' lang='lat' dir='ltr'>annum</span> <span class='ocrx_word' id='word_1_128' title='bbox 928 1748 1004 1819; x_wconf 82' lang='lat'>1633</span> <span class='ocrx_word' id='word_1_129' title='bbox 1034 1745 1193 1820; x_wconf 91' lang='lat' dir='ltr'>publicauit</span> <span class='ocrx_word' id='word_1_130' title='bbox 1222 1745 1368 1820; x_wconf 86' lang='lat' dir='ltr'>Lugduni.</span> 
     </span>
     <span class='ocr_line' id='line_1_16' title="bbox 216 1836 1369 1915; baseline 0.001 -18"><span class='ocrx_word' id='word_1_131' title='bbox 216 1836 356 1898; x_wconf 91' lang='lat' dir='ltr'>Eiusdem</span> <span class='ocrx_word' id='word_1_132' title='bbox 378 1839 446 1896; x_wconf 88' lang='lat' dir='ltr'>anni</span> <span class='ocrx_word' id='word_1_133' title='bbox 470 1856 571 1896; x_wconf 89' lang='lat' dir='ltr'>mense</span> <span class='ocrx_word' id='word_1_134' title='bbox 593 1839 668 1896; x_wconf 92' lang='lat' dir='ltr'>Iulio</span> <span class='ocrx_word' id='word_1_135' title='bbox 690 1837 813 1911; x_wconf 90' lang='lat' dir='ltr'>Rornae,</span> <span class='ocrx_word' id='word_1_136' title='bbox 837 1857 896 1915; x_wconf 93' lang='lat' dir='ltr'>quo</span> <span class='ocrx_word' id='word_1_137' title='bbox 921 1857 989 1897; x_wconf 90' lang='lat' dir='ltr'>eum</span> <span class='ocrx_word' id='word_1_138' title='bbox 1014 1839 1184 1902; x_wconf 91' lang='lat' dir='ltr'>Ludouicus</span> <span class='ocrx_word' id='word_1_139' title='bbox 1206 1838 1282 1897; x_wconf 91' lang='lat' dir='ltr'>XIII</span> <span class='ocrx_word' id='word_1_140' title='bbox 1304 1858 1369 1898; x_wconf 92' lang='lat' dir='ltr'>ora-</span> 
     </span>
     <span class='ocr_line' id='line_1_17' title="bbox 217 1931 1369 2009; baseline 0 -17"><span class='ocrx_word' id='word_1_141' title='bbox 217 1943 310 1992; x_wconf 90' lang='lat' dir='ltr'>torem</span> <span class='ocrx_word' id='word_1_142' title='bbox 329 1951 397 1992; x_wconf 90' lang='lat' dir='ltr'>cum</span> <span class='ocrx_word' id='word_1_143' title='bbox 419 1931 526 1991; x_wconf 90' lang='lat' dir='ltr'>Carolo</span> <span class='ocrx_word' id='word_1_144' title='bbox 547 1931 676 2009; x_wconf 90' lang='lat' dir='ltr'>Crequio</span> <span class='ocrx_word' id='word_1_145' title='bbox 698 1932 951 2009; x_wconf 90' lang='lat' dir='ltr'>Lesdigueriarum</span> <span class='ocrx_word' id='word_1_146' title='bbox 972 1934 1046 1993; x_wconf 89' lang='lat' dir='ltr'>duce</span> <span class='ocrx_word' id='word_1_147' title='bbox 1065 1935 1190 2006; x_wconf 91' lang='lat' dir='ltr'>miserat,</span> <span class='ocrx_word' id='word_1_148' title='bbox 1205 1935 1369 1993; x_wconf 92' lang='lat' dir='ltr'>orationem</span> 
     </span>
     <span class='ocr_line' id='line_1_18' title="bbox 214 2026 1368 2108; baseline -0.002 -22"><span class='ocrx_word' id='word_1_149' title='bbox 214 2027 315 2086; x_wconf 91' lang='lat' dir='ltr'>habuit</span> <span class='ocrx_word' id='word_1_150' title='bbox 336 2027 366 2084; x_wconf 93' lang='lat' dir='ltr'>in</span> <span class='ocrx_word' id='word_1_151' title='bbox 386 2027 452 2084; x_wconf 86' lang='lat' dir='ltr'>aula</span> <span class='ocrx_word' id='word_1_152' title='bbox 471 2027 552 2102; x_wconf 87' lang='lat' dir='ltr'>regia</span> <span class='ocrx_word' id='word_1_153' title='bbox 568 2026 712 2085; x_wconf 86' lang='lat' dir='ltr'>Vaticana</span> <span class='ocrx_word' id='word_1_154' title='bbox 732 2026 768 2085; x_wconf 93' lang='lat' dir='ltr'>ad</span> <span class='ocrx_word' id='word_1_155' title='bbox 788 2027 940 2086; x_wconf 91' lang='lat' dir='ltr'>Vrbanum</span> <span class='ocrx_word' id='word_1_156' title='bbox 957 2028 1034 2086; x_wconf 93' lang='lat' dir='ltr'>VIII</span> <span class='ocrx_word' id='word_1_157' title='bbox 1056 2027 1181 2108; x_wconf 86' lang='lat' dir='ltr'>(Maffeo</span> <span class='ocrx_word' id='word_1_158' title='bbox 1204 2027 1368 2106; x_wconf 91' lang='lat' dir='ltr'>Barberini)</span> 
     </span>
     <span class='ocr_line' id='line_1_19' title="bbox 216 2120 1368 2199; baseline 0.003 -20"><span class='ocrx_word' id='word_1_159' title='bbox 216 2121 248 2180; x_wconf 94' lang='lat' dir='ltr'>P.</span> <span class='ocrx_word' id='word_1_160' title='bbox 258 2121 300 2179; x_wconf 86' lang='grc' dir='ltr'>Μ.</span> <span class='ocrx_word' id='word_1_161' title='bbox 333 2120 392 2180; x_wconf 92' lang='lat' dir='ltr'>Hic</span> <span class='ocrx_word' id='word_1_162' title='bbox 406 2130 435 2179; x_wconf 90' lang='lat' dir='ltr'>et</span> <span class='ocrx_word' id='word_1_163' title='bbox 449 2129 510 2179; x_wconf 94' lang='lat' dir='ltr'>tum</span> <span class='ocrx_word' id='word_1_164' title='bbox 523 2120 710 2197; x_wconf 88' lang='lat' dir='ltr'>Saluagnium</span> <span class='ocrx_word' id='word_1_165' title='bbox 725 2121 755 2178; x_wconf 92' lang='lat' dir='ltr'>in</span> <span class='ocrx_word' id='word_1_166' title='bbox 770 2139 887 2181; x_wconf 91' lang='lat' dir='ltr'>summo</span> <span class='ocrx_word' id='word_1_167' title='bbox 901 2122 1014 2182; x_wconf 90' lang='lat' dir='ltr'>honore</span> <span class='ocrx_word' id='word_1_168' title='bbox 1028 2123 1129 2181; x_wconf 88' lang='lat' dir='ltr'>habuit</span> <span class='ocrx_word' id='word_1_169' title='bbox 1143 2133 1172 2181; x_wconf 93' lang='lat' dir='ltr'>et</span> <span class='ocrx_word' id='word_1_170' title='bbox 1187 2141 1368 2199; x_wconf 89' lang='lat' dir='ltr'>permenses</span> 
     </span>
     <span class='ocr_line' id='line_1_20' title="bbox 216 2213 1392 2293; baseline 0 -19"><span class='ocrx_word' id='word_1_171' title='bbox 216 2224 353 2293; x_wconf 90' lang='lat' dir='ltr'>quattuor</span> <span class='ocrx_word' id='word_1_172' title='bbox 367 2215 472 2292; x_wconf 91' lang='lat' dir='ltr'>quibus</span> <span class='ocrx_word' id='word_1_173' title='bbox 487 2213 602 2273; x_wconf 89' lang='lat' dir='ltr'>Romae</span> <span class='ocrx_word' id='word_1_174' title='bbox 617 2216 851 2274; x_wconf 91' lang='lat' dir='ltr'>commorabatur</span> <span class='ocrx_word' id='word_1_175' title='bbox 866 2217 980 2292; x_wconf 91' lang='lat' dir='ltr'>saepius</span> <span class='ocrx_word' id='word_1_176' title='bbox 995 2236 1063 2275; x_wconf 92' lang='lat' dir='ltr'>cum</span> <span class='ocrx_word' id='word_1_177' title='bbox 1078 2235 1114 2276; x_wconf 92' lang='lat' dir='ltr'>eo</span> <span class='ocrx_word' id='word_1_178' title='bbox 1126 2217 1299 2276; x_wconf 92' lang='lat' dir='ltr'>conlocutus</span> <span class='ocrx_word' id='word_1_179' title='bbox 1314 2226 1366 2288; x_wconf 90' lang='lat' dir='ltr'>est,</span> <span class='ocrx_word' id='word_1_180' title='bbox 1388 2284 1392 2287; x_wconf 13' lang='grc' dir='ltr'><strong><em>Δ</em></strong></span> 
     </span>
     <span class='ocr_line' id='line_1_21' title="bbox 216 2310 1368 2389; baseline 0.002 -21"><span class='ocrx_word' id='word_1_181' title='bbox 216 2310 388 2387; x_wconf 91' lang='lat' dir='ltr'>plerumque</span> <span class='ocrx_word' id='word_1_182' title='bbox 407 2310 444 2369; x_wconf 90' lang='lat' dir='ltr'>de</span> <span class='ocrx_word' id='word_1_183' title='bbox 464 2310 562 2368; x_wconf 90' lang='lat' dir='ltr'>litteris</span> <span class='ocrx_word' id='word_1_184' title='bbox 583 2320 612 2368; x_wconf 91' lang='lat' dir='ltr'>et</span> <span class='ocrx_word' id='word_1_185' title='bbox 632 2311 722 2387; x_wconf 87' lang='lat' dir='ltr'>poesi,</span> <span class='ocrx_word' id='word_1_186' title='bbox 745 2312 775 2369; x_wconf 92' lang='lat' dir='ltr'>in</span> <span class='ocrx_word' id='word_1_187' title='bbox 796 2330 854 2387; x_wconf 92' lang='lat' dir='ltr'>qua</span> <span class='ocrx_word' id='word_1_188' title='bbox 874 2312 936 2389; x_wconf 92' lang='lat' dir='ltr'>ipse</span> <span class='ocrx_word' id='word_1_189' title='bbox 954 2312 1088 2371; x_wconf 87' lang='lat' dir='ltr'>Pontifex</span> <span class='ocrx_word' id='word_1_190' title='bbox 1109 2331 1169 2371; x_wconf 93' lang='lat' dir='ltr'>non</span> <span class='ocrx_word' id='word_1_191' title='bbox 1189 2313 1368 2372; x_wconf 89' lang='lat' dir='ltr'>mediocrem</span> 
     </span>
     <span class='ocr_line' id='line_1_22' title="bbox 216 2403 1367 2482; baseline 0.001 -20"><span class='ocrx_word' id='word_1_192' title='bbox 216 2405 340 2482; x_wconf 85' lang='lat' dir='ltr'>gloriam</span> <span class='ocrx_word' id='word_1_193' title='bbox 360 2412 536 2464; x_wconf 91' lang='lat' dir='ltr'>consecutus</span> <span class='ocrx_word' id='word_1_194' title='bbox 557 2413 625 2462; x_wconf 86' lang='lat' dir='ltr'>erat.</span> <span class='ocrx_word' id='word_1_195' title='bbox 669 2403 727 2463; x_wconf 88' lang='lat' dir='ltr'>Sed</span> <span class='ocrx_word' id='word_1_196' title='bbox 752 2415 780 2464; x_wconf 92' lang='lat' dir='ltr'>et</span> <span class='ocrx_word' id='word_1_197' title='bbox 803 2405 885 2464; x_wconf 89' lang='lat' dir='ltr'>Luca</span> <span class='ocrx_word' id='word_1_198' title='bbox 907 2405 1063 2465; x_wconf 91' lang='lat' dir='ltr'>Holstenio</span> <span class='ocrx_word' id='word_1_199' title='bbox 1086 2417 1114 2465; x_wconf 88' lang='lat' dir='ltr'>et</span> <span class='ocrx_word' id='word_1_200' title='bbox 1138 2407 1240 2465; x_wconf 89' lang='lat' dir='ltr'>Leone</span> <span class='ocrx_word' id='word_1_201' title='bbox 1261 2407 1367 2465; x_wconf 87' lang='lat' dir='ltr'>Allatio</span> 
     </span>
    </p>
   </div>
   <div class='ocr_carea' id='block_1_3' title="bbox 216 2484 1370 3047">
    <p class='ocr_par' dir='ltr' id='par_1_3' title="bbox 216 2484 1370 3047">
     <span class='ocr_line' id='line_1_23' title="bbox 216 2484 1369 2573; baseline 0.003 -15"><span class='ocrx_word' id='word_1_202' title='bbox 216 2517 285 2560; x_wconf 91' lang='lat' dir='ltr'>usus</span> <span class='ocrx_word' id='word_1_203' title='bbox 307 2507 351 2557; x_wconf 89' lang='lat' dir='ltr'>est</span> <span class='ocrx_word' id='word_1_204' title='bbox 374 2498 550 2557; x_wconf 76' lang='lat' dir='ltr'>familiariter</span> <span class='ocrx_word' id='word_1_205' title='bbox 571 2499 647 2558; x_wconf 90' lang='lat' dir='ltr'>adeo</span> <span class='ocrx_word' id='word_1_206' title='bbox 669 2508 700 2557; x_wconf 93' lang='lat' dir='ltr'>ut</span> <span class='ocrx_word' id='word_1_207' title='bbox 724 2501 762 2558; x_wconf 88' lang='lat' dir='ltr'>ab</span> <span class='ocrx_word' id='word_1_208' title='bbox 784 2484 832 2558; x_wconf 86' lang='lat' dir='ltr'>illo</span> <span class='ocrx_word' id='word_1_209' title='bbox 855 2500 972 2559; x_wconf 90' lang='lat' dir='ltr'>codices</span> <span class='ocrx_word' id='word_1_210' title='bbox 994 2499 1082 2559; x_wconf 89' lang='lat' dir='ltr'>MSS.</span> <span class='ocrx_word' id='word_1_211' title='bbox 1103 2510 1252 2559; x_wconf 88' lang='lat' dir='ltr'>mutuatus</span> <span class='ocrx_word' id='word_1_212' title='bbox 1274 2502 1318 2573; x_wconf 92' lang='lat' dir='ltr'>sit,</span> <span class='ocrx_word' id='word_1_213' title='bbox 1340 2512 1369 2561; x_wconf 92' lang='lat' dir='ltr'>et</span> 
     </span>
     <span class='ocr_line' id='line_1_24' title="bbox 216 2592 1370 2671; baseline -0.003 -18"><span class='ocrx_word' id='word_1_214' title='bbox 216 2611 285 2653; x_wconf 91' lang='lat' dir='ltr'>curn</span> <span class='ocrx_word' id='word_1_215' title='bbox 301 2592 474 2668; x_wconf 89' lang='lat' dir='ltr'>Saluagnius</span> <span class='ocrx_word' id='word_1_216' title='bbox 489 2592 644 2650; x_wconf 90' lang='lat' dir='ltr'>Holstenio</span> <span class='ocrx_word' id='word_1_217' title='bbox 658 2593 857 2651; x_wconf 89' lang='lat' dir='ltr'>confirmasset</span> <span class='ocrx_word' id='word_1_218' title='bbox 873 2604 969 2652; x_wconf 85' lang='lat' dir='ltr'>extare</span> <span class='ocrx_word' id='word_1_219' title='bbox 985 2594 1092 2652; x_wconf 89' lang='lat' dir='ltr'>editam</span> <span class='ocrx_word' id='word_1_220' title='bbox 1107 2594 1201 2671; x_wconf 92' lang='lat' dir='ltr'>Satyri</span> <span class='ocrx_word' id='word_1_221' title='bbox 1219 2597 1370 2669; x_wconf 75' lang='grc' dir='ltr'>Συναγωγὴν</span> 
     </span>
     <span class='ocr_line' id='line_1_25' title="bbox 216 2683 1368 2764; baseline 0.003 -20"><span class='ocrx_word' id='word_1_222' title='bbox 216 2689 365 2759; x_wconf 81' lang='grc' dir='ltr'>θαυμασίων</span> <span class='ocrx_word' id='word_1_223' title='bbox 377 2683 554 2759; x_wconf 72' lang='grc' dir='ltr'>ἀκουσμάτων,</span> <span class='ocrx_word' id='word_1_224' title='bbox 570 2686 624 2757; x_wconf 90' lang='lat' dir='ltr'>ille,</span> <span class='ocrx_word' id='word_1_225' title='bbox 640 2687 688 2763; x_wconf 90' lang='lat' dir='ltr'>qui</span> <span class='ocrx_word' id='word_1_226' title='bbox 703 2705 769 2745; x_wconf 90' lang='lat' dir='ltr'>eam</span> <span class='ocrx_word' id='word_1_227' title='bbox 784 2705 945 2764; x_wconf 90' lang='lat' dir='ltr'>numquam</span> <span class='ocrx_word' id='word_1_228' title='bbox 960 2688 1088 2759; x_wconf 77' lang='lat' dir='ltr'>uidIsset‚</span> <span class='ocrx_word' id='word_1_229' title='bbox 1103 2688 1323 2747; x_wconf 90' lang='lat' dir='ltr'>emendationes</span> <span class='ocrx_word' id='word_1_230' title='bbox 1338 2690 1368 2747; x_wconf 93' lang='lat' dir='ltr'>in</span> 
     </span>
     <span class='ocr_line' id='line_1_26' title="bbox 216 2779 1368 2858; baseline 0.001 -18"><span class='ocrx_word' id='word_1_231' title='bbox 216 2782 283 2840; x_wconf 93' lang='lat' dir='ltr'>Ibin</span> <span class='ocrx_word' id='word_1_232' title='bbox 311 2800 342 2840; x_wconf 94' lang='lat' dir='ltr'>se</span> <span class='ocrx_word' id='word_1_233' title='bbox 370 2781 551 2840; x_wconf 82' lang='lat' dir='ltr'>conlaturam</span> <span class='ocrx_word' id='word_1_234' title='bbox 580 2779 796 2857; x_wconf 71' lang='lat' dir='ltr'>spoponderit*</span> <span class='ocrx_word' id='word_1_235' title='bbox 827 2782 850 2840; x_wconf 90' lang='lat' dir='ltr'>si</span> <span class='ocrx_word' id='word_1_236' title='bbox 879 2781 1052 2858; x_wconf 90' lang='lat' dir='ltr'>Saluagnius</span> <span class='ocrx_word' id='word_1_237' title='bbox 1082 2782 1119 2840; x_wconf 91' lang='lat' dir='ltr'>de</span> <span class='ocrx_word' id='word_1_238' title='bbox 1148 2781 1249 2858; x_wconf 84' lang='lat' dir='ltr'>Satyro</span> <span class='ocrx_word' id='word_1_239' title='bbox 1279 2782 1368 2841; x_wconf 87' lang='lat' dir='ltr'>fidem</span> 
     </span>
     <span class='ocr_line' id='line_1_27' title="bbox 216 2873 1368 2954; baseline 0.001 -21"><span class='ocrx_word' id='word_1_240' title='bbox 216 2875 410 2954; x_wconf 89' lang='lat' dir='ltr'>praestitisset.</span> <span class='ocrx_word' id='word_1_241' title='bbox 446 2873 593 2933; x_wconf 87' lang='lat' dir='ltr'>Reuersus</span> <span class='ocrx_word' id='word_1_242' title='bbox 608 2875 637 2932; x_wconf 93' lang='lat' dir='ltr'>in</span> <span class='ocrx_word' id='word_1_243' title='bbox 652 2875 773 2951; x_wconf 90' lang='lat' dir='ltr'>patriam</span> <span class='ocrx_word' id='word_1_244' title='bbox 788 2893 905 2951; x_wconf 91' lang='lat' dir='ltr'>praeses</span> <span class='ocrx_word' id='word_1_245' title='bbox 919 2875 1013 2935; x_wconf 89' lang='lat' dir='ltr'>factus</span> <span class='ocrx_word' id='word_1_246' title='bbox 1028 2886 1072 2935; x_wconf 93' lang='lat' dir='ltr'>est</span> <span class='ocrx_word' id='word_1_247' title='bbox 1087 2875 1192 2934; x_wconf 90' lang='lat' dir='ltr'>Curiae</span> <span class='ocrx_word' id='word_1_248' title='bbox 1208 2875 1368 2934; x_wconf 86' lang='lat' dir='ltr'>Rationum</span> 
     </span>
     <span class='ocr_line' id='line_1_28' title="bbox 217 2967 1368 3047; baseline 0.001 -20"><span class='ocrx_word' id='word_1_249' title='bbox 217 2969 293 3028; x_wconf 77' lang='lat' dir='ltr'>Flsci</span> <span class='ocrx_word' id='word_1_250' title='bbox 314 2968 391 3046; x_wconf 88' lang='lat' dir='ltr'>apud</span> <span class='ocrx_word' id='word_1_251' title='bbox 413 2967 602 3046; x_wconf 89' lang='lat' dir='ltr'>Delphinates</span> <span class='ocrx_word' id='word_1_252' title='bbox 624 2979 652 3027; x_wconf 91' lang='lat' dir='ltr'>et</span> <span class='ocrx_word' id='word_1_253' title='bbox 673 2969 703 3026; x_wconf 94' lang='lat' dir='ltr'>in</span> <span class='ocrx_word' id='word_1_254' title='bbox 717 2968 856 3027; x_wconf 90' lang='lat' dir='ltr'>Voreano</span> <span class='ocrx_word' id='word_1_255' title='bbox 876 2971 1032 3028; x_wconf 88' lang='lat' dir='ltr'>consenuit</span> <span class='ocrx_word' id='word_1_256' title='bbox 1053 2970 1149 3047; x_wconf 90' lang='lat' dir='ltr'>ibique</span> <span class='ocrx_word' id='word_1_257' title='bbox 1171 2980 1303 3028; x_wconf 90' lang='lat' dir='ltr'>mortuus</span> <span class='ocrx_word' id='word_1_258' title='bbox 1325 2979 1368 3028; x_wconf 93' lang='lat' dir='ltr'>est</span> 
     </span>
    </p>
   </div>
   <div class='ocr_carea' id='block_1_4' title="bbox 213 3063 1369 4366">
    <p class='ocr_par' dir='ltr' id='par_1_4' title="bbox 215 3063 1368 3218">
     <span class='ocr_line' id='line_1_29' title="bbox 215 3063 1368 3141; baseline 0 -18"><span class='ocrx_word' id='word_1_259' title='bbox 215 3083 294 3123; x_wconf 87' lang='lat' dir='ltr'>anno</span> <span class='ocrx_word' id='word_1_260' title='bbox 321 3067 407 3138; x_wconf 86' lang='lat'>1683,</span> <span class='ocrx_word' id='word_1_261' title='bbox 431 3064 481 3141; x_wconf 91' lang='lat' dir='ltr'>qui</span> <span class='ocrx_word' id='word_1_262' title='bbox 506 3063 561 3136; x_wconf 78' lang='lat' dir='ltr'>fuit</span> <span class='ocrx_word' id='word_1_263' title='bbox 582 3065 738 3122; x_wconf 92' lang='lat' dir='ltr'>uicesimus</span> <span class='ocrx_word' id='word_1_264' title='bbox 761 3063 831 3122; x_wconf 90' lang='lat' dir='ltr'>alter</span> <span class='ocrx_word' id='word_1_265' title='bbox 855 3074 923 3140; x_wconf 91' lang='lat' dir='ltr'>post</span> <span class='ocrx_word' id='word_1_266' title='bbox 947 3064 1015 3122; x_wconf 94' lang='lat' dir='ltr'>Ibin</span> <span class='ocrx_word' id='word_1_267' title='bbox 1039 3064 1143 3122; x_wconf 91' lang='lat' dir='ltr'>iterum</span> <span class='ocrx_word' id='word_1_268' title='bbox 1169 3064 1277 3122; x_wconf 90' lang='lat' dir='ltr'>editam</span> <span class='ocrx_word' id='word_1_269' title='bbox 1300 3083 1368 3123; x_wconf 92' lang='lat' dir='ltr'>cum</span> 
     </span>
     <span class='ocr_line' id='line_1_30' title="bbox 215 3159 628 3218; baseline -0.002 -1"><span class='ocrx_word' id='word_1_270' title='bbox 215 3170 313 3218; x_wconf 88' lang='lat' dir='ltr'>uetere</span> <span class='ocrx_word' id='word_1_271' title='bbox 329 3159 489 3218; x_wconf 89' lang='lat' dir='ltr'>Scholiasta</span> <span class='ocrx_word' id='word_1_272' title='bbox 503 3177 528 3218; x_wconf 90' lang='lat' dir='ltr'>a.</span> <span class='ocrx_word' id='word_1_273' title='bbox 544 3161 628 3216; x_wconf 87' lang='lat'>1661.</span> 
     </span>
    </p>

    <p class='ocr_par' dir='ltr' id='par_1_5' title="bbox 213 3251 1369 4366">
     <span class='ocr_line' id='line_1_31' title="bbox 257 3251 1367 3330; baseline 0 -19"><span class='ocrx_word' id='word_1_274' title='bbox 257 3252 405 3312; x_wconf 91' lang='lat' dir='ltr'>Gloriatus</span> <span class='ocrx_word' id='word_1_275' title='bbox 424 3264 468 3313; x_wconf 91' lang='lat' dir='ltr'>est</span> <span class='ocrx_word' id='word_1_276' title='bbox 487 3254 549 3330; x_wconf 93' lang='lat' dir='ltr'>ipse</span> <span class='ocrx_word' id='word_1_277' title='bbox 564 3253 600 3312; x_wconf 94' lang='lat' dir='ltr'>de</span> <span class='ocrx_word' id='word_1_278' title='bbox 618 3271 649 3312; x_wconf 89' lang='lat' dir='ltr'>se</span> <span class='ocrx_word' id='word_1_279' title='bbox 665 3252 840 3328; x_wconf 86' lang='lat' dir='ltr'>Saluagnius</span> <span class='ocrx_word' id='word_1_280' title='bbox 862 3253 893 3310; x_wconf 90' lang='lat' dir='ltr'>iu</span> <span class='ocrx_word' id='word_1_281' title='bbox 914 3251 1007 3328; x_wconf 87' lang='lat' dir='ltr'>elegia</span> <span class='ocrx_word' id='word_1_282' title='bbox 1027 3251 1138 3311; x_wconf 78' lang='lat' dir='ltr'>Eduxi</span> <span class='ocrx_word' id='word_1_283' title='bbox 1154 3253 1272 3311; x_wconf 79' lang='lat' dir='ltr'>tenebris</span> <span class='ocrx_word' id='word_1_284' title='bbox 1292 3252 1367 3325; x_wconf 81' lang='lat' dir='ltr'>Ibin,</span> 
     </span>
     <span class='ocr_line' id='line_1_32' title="bbox 215 3346 1369 3424; baseline 0.001 -20"><span class='ocrx_word' id='word_1_285' title='bbox 215 3347 385 3423; x_wconf 75' lang='lat' dir='ltr'>celebrisque</span> <span class='ocrx_word' id='word_1_286' title='bbox 411 3349 523 3406; x_wconf 67' lang='lat' dir='ltr'>remotae</span> <span class='ocrx_word' id='word_1_287' title='bbox 554 3346 617 3417; x_wconf 83' lang='lat' dir='ltr'>Qua</span> <span class='ocrx_word' id='word_1_288' title='bbox 641 3348 726 3422; x_wconf 82' lang='lat' dir='ltr'>plano</span> <span class='ocrx_word' id='word_1_289' title='bbox 753 3348 836 3404; x_wconf 80' lang='lat' dir='ltr'>docui</span> <span class='ocrx_word' id='word_1_290' title='bbox 860 3348 971 3404; x_wconf 81' lang='lat' dir='ltr'>tramz&#39;te</span> <span class='ocrx_word' id='word_1_291' title='bbox 998 3347 1080 3404; x_wconf 76' lang='lat' dir='ltr'>lector</span> <span class='ocrx_word' id='word_1_292' title='bbox 1103 3354 1154 3406; x_wconf 79' lang='lat' dir='ltr'>eal.</span> <span class='ocrx_word' id='word_1_293' title='bbox 1205 3346 1310 3424; x_wconf 93' lang='lat' dir='ltr'>Neque</span> <span class='ocrx_word' id='word_1_294' title='bbox 1339 3348 1369 3406; x_wconf 93' lang='lat' dir='ltr'>id</span> 
     </span>
     <span class='ocr_line' id='line_1_33' title="bbox 215 3439 1368 3519; baseline 0.002 -21"><span class='ocrx_word' id='word_1_295' title='bbox 215 3441 349 3499; x_wconf 89' lang='lat' dir='ltr'>inmerito</span> <span class='ocrx_word' id='word_1_296' title='bbox 368 3441 452 3500; x_wconf 87' lang='lat' dir='ltr'>fecit:</span> <span class='ocrx_word' id='word_1_297' title='bbox 479 3458 548 3500; x_wconf 89' lang='lat' dir='ltr'>nam</span> <span class='ocrx_word' id='word_1_298' title='bbox 569 3460 637 3499; x_wconf 92' lang='lat' dir='ltr'>cum</span> <span class='ocrx_word' id='word_1_299' title='bbox 658 3439 716 3499; x_wconf 95' lang='lat' dir='ltr'>hoc</span> <span class='ocrx_word' id='word_1_300' title='bbox 735 3441 851 3499; x_wconf 88' lang='lat' dir='ltr'>conlata</span> <span class='ocrx_word' id='word_1_301' title='bbox 870 3441 963 3519; x_wconf 88' lang='lat' dir='ltr'>etiam</span> <span class='ocrx_word' id='word_1_302' title='bbox 976 3441 1089 3517; x_wconf 89' lang='lat' dir='ltr'>optima</span> <span class='ocrx_word' id='word_1_303' title='bbox 1107 3459 1182 3518; x_wconf 89' lang='lat' dir='ltr'>quae</span> <span class='ocrx_word' id='word_1_304' title='bbox 1204 3451 1271 3500; x_wconf 90' lang='lat' dir='ltr'>ante</span> <span class='ocrx_word' id='word_1_305' title='bbox 1290 3444 1368 3500; x_wconf 91' lang='lat'>1600</span> 
     </span>
     <span class='ocr_line' id='line_1_34' title="bbox 215 3533 1368 3611; baseline 0.002 -19"><span class='ocrx_word' id='word_1_306' title='bbox 215 3535 394 3611; x_wconf 91' lang='lat' dir='ltr'>prodierunt,</span> <span class='ocrx_word' id='word_1_307' title='bbox 423 3535 502 3593; x_wconf 91' lang='lat' dir='ltr'>uelut</span> <span class='ocrx_word' id='word_1_308' title='bbox 531 3534 649 3611; x_wconf 92' lang='lat' dir='ltr'>Micylli,</span> <span class='ocrx_word' id='word_1_309' title='bbox 678 3533 855 3593; x_wconf 91' lang='lat' dir='ltr'>sordebunt:</span> <span class='ocrx_word' id='word_1_310' title='bbox 892 3534 967 3593; x_wconf 93' lang='lat' dir='ltr'>adeo</span> <span class='ocrx_word' id='word_1_311' title='bbox 993 3542 1061 3595; x_wconf 89' lang='lat' dir='ltr'>cum</span> <span class='ocrx_word' id='word_1_312' title='bbox 1089 3537 1165 3594; x_wconf 91' lang='lat' dir='ltr'>ueris</span> <span class='ocrx_word' id='word_1_313' title='bbox 1193 3535 1272 3608; x_wconf 89' lang='lat' dir='ltr'>falsa,</span> <span class='ocrx_word' id='word_1_314' title='bbox 1299 3555 1368 3595; x_wconf 92' lang='lat' dir='ltr'>cum</span> 
     </span>
     <span class='ocr_line' id='line_1_35' title="bbox 215 3627 1366 3704; baseline 0.003 -18"><span class='ocrx_word' id='word_1_315' title='bbox 215 3627 315 3686; x_wconf 79' lang='lat' dir='ltr'>solidIs</span> <span class='ocrx_word' id='word_1_316' title='bbox 336 3628 434 3686; x_wconf 92' lang='lat' dir='ltr'>inania</span> <span class='ocrx_word' id='word_1_317' title='bbox 455 3638 484 3686; x_wconf 90' lang='lat' dir='ltr'>et</span> <span class='ocrx_word' id='word_1_318' title='bbox 505 3646 582 3687; x_wconf 91' lang='lat' dir='ltr'>uana</span> <span class='ocrx_word' id='word_1_319' title='bbox 603 3629 794 3704; x_wconf 87' lang='lat' dir='ltr'>coniungunt.</span> <span class='ocrx_word' id='word_1_320' title='bbox 837 3628 950 3687; x_wconf 90' lang='lat' dir='ltr'>Primus</span> <span class='ocrx_word' id='word_1_321' title='bbox 968 3638 998 3687; x_wconf 92' lang='lat' dir='ltr'>et</span> <span class='ocrx_word' id='word_1_322' title='bbox 1019 3630 1108 3688; x_wconf 92' lang='lat' dir='ltr'>sensit</span> <span class='ocrx_word' id='word_1_323' title='bbox 1130 3639 1158 3688; x_wconf 91' lang='lat' dir='ltr'>et</span> <span class='ocrx_word' id='word_1_324' title='bbox 1180 3630 1277 3688; x_wconf 92' lang='lat' dir='ltr'>docuit</span> <span class='ocrx_word' id='word_1_325' title='bbox 1299 3648 1366 3690; x_wconf 90' lang='lat' dir='ltr'>nus·</span> 
     </span>
     <span class='ocr_line' id='line_1_36' title="bbox 214 3718 1368 3800; baseline 0.002 -21"><span class='ocrx_word' id='word_1_326' title='bbox 214 3739 304 3797; x_wconf 93' lang='lat' dir='ltr'>quam</span> <span class='ocrx_word' id='word_1_327' title='bbox 322 3720 406 3779; x_wconf 90' lang='lat' dir='ltr'>latius</span> <span class='ocrx_word' id='word_1_328' title='bbox 426 3721 530 3780; x_wconf 89' lang='lat' dir='ltr'>falsum</span> <span class='ocrx_word' id='word_1_329' title='bbox 550 3722 687 3798; x_wconf 91' lang='lat' dir='ltr'>serpsisse</span> <span class='ocrx_word' id='word_1_330' title='bbox 696 3742 704 3794; x_wconf 85' lang='lat'>;</span> <span class='ocrx_word' id='word_1_331' title='bbox 729 3741 775 3781; x_wconf 91' lang='lat' dir='ltr'>res</span> <span class='ocrx_word' id='word_1_332' title='bbox 794 3723 817 3781; x_wconf 92' lang='lat' dir='ltr'>si</span> <span class='ocrx_word' id='word_1_333' title='bbox 835 3742 905 3781; x_wconf 91' lang='lat' dir='ltr'>uera</span> <span class='ocrx_word' id='word_1_334' title='bbox 920 3722 972 3781; x_wconf 90' lang='lat' dir='ltr'>sed</span> <span class='ocrx_word' id='word_1_335' title='bbox 986 3725 1110 3782; x_wconf 89' lang='lat' dir='ltr'>obscura</span> <span class='ocrx_word' id='word_1_336' title='bbox 1124 3718 1249 3795; x_wconf 86' lang='lat' dir='ltr'>suberat,</span> <span class='ocrx_word' id='word_1_337' title='bbox 1264 3741 1318 3800; x_wconf 91' lang='lat' dir='ltr'>pro</span> <span class='ocrx_word' id='word_1_338' title='bbox 1333 3742 1368 3782; x_wconf 90' lang='lat' dir='ltr'>ea</span> 
     </span>
     <span class='ocr_line' id='line_1_37' title="bbox 214 3815 1366 3894; baseline 0.003 -21"><span class='ocrx_word' id='word_1_339' title='bbox 214 3826 264 3873; x_wconf 87' lang='lat' dir='ltr'>aut</span> <span class='ocrx_word' id='word_1_340' title='bbox 278 3833 396 3892; x_wconf 88' lang='lat' dir='ltr'>prorsus</span> <span class='ocrx_word' id='word_1_341' title='bbox 407 3815 505 3875; x_wconf 89' lang='lat' dir='ltr'>fictam</span> <span class='ocrx_word' id='word_1_342' title='bbox 518 3817 653 3894; x_wconf 91' lang='lat' dir='ltr'>supponi,</span> <span class='ocrx_word' id='word_1_343' title='bbox 665 3825 722 3888; x_wconf 93' lang='lat' dir='ltr'>aut,</span> <span class='ocrx_word' id='word_1_344' title='bbox 735 3816 815 3894; x_wconf 93' lang='lat' dir='ltr'>quod</span> <span class='ocrx_word' id='word_1_345' title='bbox 829 3827 949 3894; x_wconf 90' lang='lat' dir='ltr'>propter</span> <span class='ocrx_word' id='word_1_346' title='bbox 960 3816 1080 3875; x_wconf 91' lang='lat' dir='ltr'>Domitii</span> <span class='ocrx_word' id='word_1_347' title='bbox 1092 3819 1259 3894; x_wconf 85' lang='lat' dir='ltr'>exemplum</span> <span class='ocrx_word' id='word_1_348' title='bbox 1274 3818 1366 3876; x_wconf 90' lang='lat' dir='ltr'>multo</span> 
     </span>
     <span class='ocr_line' id='line_1_38' title="bbox 214 3908 1367 3990; baseline 0.003 -23"><span class='ocrx_word' id='word_1_349' title='bbox 214 3908 307 3969; x_wconf 88' lang='lat' dir='ltr'>fuerat</span> <span class='ocrx_word' id='word_1_350' title='bbox 329 3910 466 3982; x_wconf 90' lang='lat' dir='ltr'>crebrius,</span> <span class='ocrx_word' id='word_1_351' title='bbox 488 3912 565 3970; x_wconf 89' lang='lat' dir='ltr'>ueris</span> <span class='ocrx_word' id='word_1_352' title='bbox 587 3911 659 3969; x_wconf 87' lang='lat' dir='ltr'>salsa</span> <span class='ocrx_word' id='word_1_353' title='bbox 681 3910 791 3987; x_wconf 87' lang='lat' dir='ltr'>adfingi</span> <span class='ocrx_word' id='word_1_354' title='bbox 813 3911 913 3983; x_wconf 89' lang='lat' dir='ltr'>solere,</span> <span class='ocrx_word' id='word_1_355' title='bbox 935 3912 1023 3990; x_wconf 90' lang='lat' dir='ltr'>idque</span> <span class='ocrx_word' id='word_1_356' title='bbox 1044 3913 1131 3970; x_wconf 88' lang='lat' dir='ltr'>etiam</span> <span class='ocrx_word' id='word_1_357' title='bbox 1153 3931 1170 3970; x_wconf 90' lang='lat' dir='ltr'>a</span> <span class='ocrx_word' id='word_1_358' title='bbox 1192 3913 1367 3970; x_wconf 78' lang='lat' dir='ltr'>doctissImis</span> 
     </span>
     <span class='ocr_line' id='line_1_39' title="bbox 215 4002 1366 4084; baseline 0 -22"><span class='ocrx_word' id='word_1_359' title='bbox 215 4003 329 4063; x_wconf 89' lang='lat' dir='ltr'>Merula</span> <span class='ocrx_word' id='word_1_360' title='bbox 342 4003 458 4063; x_wconf 91' lang='lat' dir='ltr'>Alciato</span> <span class='ocrx_word' id='word_1_361' title='bbox 473 4004 592 4064; x_wconf 89' lang='lat' dir='ltr'>Sanctio</span> <span class='ocrx_word' id='word_1_362' title='bbox 607 4003 668 4084; x_wconf 85' lang='lat' dir='ltr'>(pp.</span> <span class='ocrx_word' id='word_1_363' title='bbox 687 4007 753 4079; x_wconf 91' lang='lat'>198,</span> <span class='ocrx_word' id='word_1_364' title='bbox 773 4024 839 4078; x_wconf 87' lang='lat'>140,</span> <span class='ocrx_word' id='word_1_365' title='bbox 857 4002 942 4084; x_wconf 82' lang='lat'>255):</span> <span class='ocrx_word' id='word_1_366' title='bbox 968 4006 1039 4063; x_wconf 93' lang='lat' dir='ltr'>nihil</span> <span class='ocrx_word' id='word_1_367' title='bbox 1057 4025 1121 4064; x_wconf 92' lang='lat' dir='ltr'>esse</span> <span class='ocrx_word' id='word_1_368' title='bbox 1136 4007 1215 4081; x_wconf 91' lang='lat' dir='ltr'>prius</span> <span class='ocrx_word' id='word_1_369' title='bbox 1229 4007 1267 4064; x_wconf 91' lang='lat' dir='ltr'>ab</span> <span class='ocrx_word' id='word_1_370' title='bbox 1281 4007 1366 4064; x_wconf 91' lang='lat' dir='ltr'>inter-</span> 
     </span>
     <span class='ocr_line' id='line_1_40' title="bbox 214 4099 1367 4177; baseline 0.001 -21"><span class='ocrx_word' id='word_1_371' title='bbox 214 4110 294 4175; x_wconf 88' lang='lat' dir='ltr'>prete</span> <span class='ocrx_word' id='word_1_372' title='bbox 307 4099 493 4176; x_wconf 81' lang='lat' dir='ltr'>exigendum,</span> <span class='ocrx_word' id='word_1_373' title='bbox 505 4118 594 4177; x_wconf 91' lang='lat' dir='ltr'>quam</span> <span class='ocrx_word' id='word_1_374' title='bbox 605 4110 637 4158; x_wconf 90' lang='lat' dir='ltr'>ut</span> <span class='ocrx_word' id='word_1_375' title='bbox 652 4100 757 4158; x_wconf 91' lang='lat' dir='ltr'>ficticia</span> <span class='ocrx_word' id='word_1_376' title='bbox 770 4110 941 4170; x_wconf 90' lang='lat' dir='ltr'>remoueret,</span> <span class='ocrx_word' id='word_1_377' title='bbox 955 4101 996 4158; x_wconf 93' lang='lat' dir='ltr'>sic</span> <span class='ocrx_word' id='word_1_378' title='bbox 1008 4100 1045 4158; x_wconf 93' lang='lat' dir='ltr'>ad</span> <span class='ocrx_word' id='word_1_379' title='bbox 1056 4102 1192 4158; x_wconf 87' lang='lat' dir='ltr'>ulteriora</span> <span class='ocrx_word' id='word_1_380' title='bbox 1202 4109 1230 4157; x_wconf 91' lang='lat' dir='ltr'>et</span> <span class='ocrx_word' id='word_1_381' title='bbox 1244 4100 1367 4158; x_wconf 90' lang='lat' dir='ltr'>rectiora</span> 
     </span>
     <span class='ocr_line' id='line_1_41' title="bbox 213 4192 1365 4271; baseline 0 -21"><span class='ocrx_word' id='word_1_382' title='bbox 213 4193 444 4269; x_wconf 86' lang='lat' dir='ltr'>progrederetur.</span> <span class='ocrx_word' id='word_1_383' title='bbox 486 4193 657 4271; x_wconf 92' lang='lat' dir='ltr'>Numquam</span> <span class='ocrx_word' id='word_1_384' title='bbox 683 4194 769 4269; x_wconf 88' lang='lat' dir='ltr'>igitur</span> <span class='ocrx_word' id='word_1_385' title='bbox 791 4194 949 4269; x_wconf 87' lang='lat' dir='ltr'>Saluagnio</span> <span class='ocrx_word' id='word_1_386' title='bbox 971 4193 1120 4252; x_wconf 90' lang='lat' dir='ltr'>doctrinae</span> <span class='ocrx_word' id='word_1_387' title='bbox 1141 4192 1297 4251; x_wconf 88' lang='lat' dir='ltr'>adfectatio</span> <span class='ocrx_word' id='word_1_388' title='bbox 1322 4194 1365 4250; x_wconf 93' lang='lat' dir='ltr'>in·</span> 
     </span>
     <span class='ocr_line' id='line_1_42' title="bbox 214 4274 1366 4366; baseline -0.002 -22"><span class='ocrx_word' id='word_1_389' title='bbox 214 4288 313 4362; x_wconf 91' lang='lat' dir='ltr'>posuit</span> <span class='ocrx_word' id='word_1_390' title='bbox 323 4306 330 4359; x_wconf 92' lang='lat'>;</span> <span class='ocrx_word' id='word_1_391' title='bbox 355 4288 406 4348; x_wconf 91' lang='lat' dir='ltr'>sed</span> <span class='ocrx_word' id='word_1_392' title='bbox 424 4289 473 4366; x_wconf 92' lang='lat' dir='ltr'>qui</span> <span class='ocrx_word' id='word_1_393' title='bbox 493 4291 593 4348; x_wconf 81' lang='lat' dir='ltr'>omma</span> <span class='ocrx_word' id='word_1_394' title='bbox 612 4298 661 4347; x_wconf 92' lang='lat' dir='ltr'>aut</span> <span class='ocrx_word' id='word_1_395' title='bbox 681 4274 914 4365; x_wconf 82' lang='lat' dir='ltr'>certe&#39;pleraque</span> <span class='ocrx_word' id='word_1_396' title='bbox 932 4298 1063 4346; x_wconf 89' lang='lat' dir='ltr'>ueterum</span> <span class='ocrx_word' id='word_1_397' title='bbox 1084 4288 1190 4363; x_wconf 92' lang='lat' dir='ltr'>scripta</span> <span class='ocrx_word' id='word_1_398' title='bbox 1207 4295 1313 4357; x_wconf 90' lang='lat' dir='ltr'>nosset,</span> <span class='ocrx_word' id='word_1_399' title='bbox 1330 4285 1366 4344; x_wconf 90' lang='lat' dir='ltr'>ad</span> 
     </span>
    </p>
   </div>
   <div class='ocr_carea' id='block_1_5' title="bbox 639 4408 997 4494">
    <p class='ocr_par' dir='ltr' id='par_1_6' title="bbox 639 4408 997 4494">
     <span class='ocr_line' id='line_1_43' title="bbox 639 4408 997 4494; baseline 0 -16"><span class='ocrx_word' id='word_1_400' title='bbox 639 4435 653 4467; x_wconf 80' lang='lat'>’¹‘</span> <span class='ocrx_word' id='word_1_401' title='bbox 671 4433 706 4480; x_wconf 91' lang='lat' dir='ltr'>De</span> <span class='ocrx_word' id='word_1_402' title='bbox 718 4431 854 4480; x_wconf 87' lang='lat' dir='ltr'>Terrebasse</span> <span class='ocrx_word' id='word_1_403' title='bbox 866 4447 888 4493; x_wconf 92' lang='lat' dir='ltr'>p.</span> <span class='ocrx_word' id='word_1_404' title='bbox 901 4444 955 4494; x_wconf 77' lang='lat'>125.</span> <span class='ocrx_word' id='word_1_405' title='bbox 995 4408 997 4411; x_wconf 22' lang='grc' dir='ltr'>Ι</span> 
     </span>
    </p>
   </div>
   <div class='ocr_carea' id='block_1_6' title="bbox 0 0 1546 4980">
    <p class='ocr_par' dir='ltr' id='par_1_7' title="bbox 0 0 1546 4980">
     <span class='ocr_line' id='line_1_44' title="bbox 0 0 1546 4980; baseline 0 1"><span class='ocrx_word' id='word_1_406' title='bbox 0 0 1546 4980; x_wconf 95' lang='lat' dir='ltr'> </span> 
     </span>
    </p>
   </div>
  </div>
 </body>
</html>
