3038 4988
489 391 839 454 COMMENTARIVS.
1186 396 1246 452 165

91 549 247 604 suauitatis
259 549 385 604 ostendit.
407 553 537 619 pastores
548 566 611 603 cum
623 548 837 603 immoderatius
851 545 972 600 biberent
986 545 1058 600 ebrii
1063 547 1143 616 facti
1156 548 1244 600 conci·

91 621 204 688 derunt,
216 621 269 689 qui
285 620 456 674 arbitrantes
467 621 595 674 Icarium
606 620 662 672 sibi
676 619 783 672 malum
799 618 1028 671 medicamentum
1040 618 1145 671 dedisse
1152 618 1246 687 fusti-

92 691 144 744 bus
156 707 219 743 eum
231 693 438 760 interfecerunt.
510 694 621 744 Ioerue
637 707 688 758 pro
701 689 784 743 solito
798 690 971 742 Graecorum
983 688 1102 756 Icam'us,
1116 697 1143 742 et
1156 687 1203 742 hic
1216 697 1251 742 et

95 762 136 814 M.
150 779 174 814 x.
185 773 239 829 450
250 760 353 829 posuit,
366 761 443 831 quod
459 760 568 814 monuit
586 760 705 815 Buntius
723 759 760 814 ad
774 761 849 828 Hyg.
866 774 921 826 130.
961 760 1127 812 Fluctuasse
1140 761 1245 812 Roma-

93 847 147 884 nos
162 830 267 885 indicio
284 841 327 886 est
347 831 453 900 Hygini
472 831 534 885 cod.
550 830 738 899 Frisingensis
751 830 799 900 qui
817 830 845 883 in
863 844 915 895 224
932 830 1032 882 Icarus
1049 830 1131 883 Icari
1144 830 1250 883 Icarus

93 910 138 955 ter
148 901 269 969 exhibet,
279 911 352 956 teste
364 905 404 957 M.
416 901 582 956 Schmidtio.
619 905 655 955 in
667 917 767 966 quem.
789 899 926 954 Vsitatior
935 899 1047 954 datiuus
1057 910 1121 969 post
1131 901 1245 970 inferre.

93 973 159 1025 613.
187 975 294 1026 dolore
315 976 401 1027 neeis
422 977 552 1037 patriae.
587 974 663 1040 Hyg.
685 987 735 1040 130
756 972 883 1025 Icarium
907 977 1000 1024 autem
1025 973 1144 1024 occisum
1167 971 1247 1024 canis

94 1042 213 1096 ululans
229 1045 335 1097 Maera
353 1044 500 1115 Erigonae
520 1045 693 1096 monstrauit
713 1043 763 1096 ubi
776 1046 864 1112 pater
879 1043 1038 1110 insepultus
1058 1043 1166 1095 iaceret.
1191 1057 1248 1110 quo

93 1130 158 1167 cum
183 1116 310 1182 uenisset,
334 1119 422 1185 super
443 1119 544 1196 corpus
568 1115 700 1184 parcnlc's
723 1115 755 1167 in
782 1114 880 1167 arbore
903 1113 1052 1182 suspendio
1076 1130 1105 1165 se
1127 1114 1246 1166 necauit.

95 1183 208 1237 Eadem
220 1184 338 1239 historia
350 1185 379 1238 in
392 1185 506 1238 scholiis
519 1187 688 1239 Arateorum
701 1183 863 1238 Germanici
876 1200 902 1252 p.
916 1183 951 1236 66
965 1182 1091 1251 Breysig.
1179 1184 1249 1235 614.

94 1257 234 1309 Vincula
250 1272 308 1319 per
324 1259 437 1320 laquei.
474 1259 513 1309 M.
527 1254 580 1308 xiv.
595 1267 645 1323 735
661 1255 732 1308 Cum
739 1254 856 1324 foribus
871 1255 967 1323 laquei
981 1253 1116 1324 religaret
1131 1253 1250 1307 uincula

95 1328 209 1379 summi.
286 1329 353 1380 615.
372 1329 609 1390 Obstructoque.
649 1325 759 1379 Primus
774 1327 870 1379 Const.
885 1326 954 1378 Fan.
970 1326 1117 1378 Hecatost.
1131 1339 1149 1393 9
1161 1323 1249 1378 inter-

95 1406 222 1467 pretatus
235 1405 278 1450 est
296 1397 331 1452 de
345 1397 486 1451 Pausania
499 1414 564 1465 rege
579 1398 782 1466 Spartanorum
795 1413 829 1449 ex
842 1395 930 1448 Thuc.
945 1395 962 1449 i.
979 1409 1028 1463 134
1045 1396 1094 1448 Kal
1112 1394 1139 1449 ἐς
1157 1392 1252 1462 οἴκημα

96 1468 127 1519 οὐ
147 1467 222 1537 μέγα,
244 1465 258 1518 ὃ
279 1465 310 1534 ἦν
330 1471 376 1521 τοῦ
401 1468 479 1536 ἱεροῦ,
500 1467 617 1521 ἐσελθὼν
637 1466 678 1519 ἵνα
701 1466 735 1535 μὴ
760 1466 892 1535 ὑπαίθριος
916 1465 1098 1535 ταλαιπωροίη,
1120 1464 1250 1534 ἡσύχαζεν

98 1535 287 1606 (Pausanias).
312 1539 337 1590 oi
349 1537 378 1591 δὲ
389 1539 419 1591 τὸ
431 1537 573 1608 παραυτίκα
585 1538 631 1606 μὲν
644 1536 791 1608 ὑστέρησαν
803 1539 833 1604 τῇ
847 1536 941 1604 διώξει,
953 1537 1017 1604 μετὰ
1032 1537 1060 1589 δὲ
1072 1539 1149 1589 τοῦτο
1161 1540 1207 1588 τοῦ
1219 1557 1248 1588 τε

97 1606 232 1677 οἰκήματος
250 1610 294 1661 τὸν
312 1607 412 1679 ὄροφον
428 1608 539 1679 ἀφεῖλον
555 1610 595 1661 καὶ
613 1609 659 1662 τὰς
677 1607 756 1678 θύρας
772 1607 846 1660 ἔνδον
862 1605 924 1660 ὄντα
942 1605 1098 1675 τηρήσαντες
1115 1606 1192 1660 αὐτὸν
1208 1606 1252 1658 καὶ

97 1678 274 1742 ἀπολαβόντες
298 1677 360 1733 εἴσω
382 1679 594 1751 ἀπῳκοδόμησον,
618 1678 853 1749 προσκαθεζόμενοί
876 1699 905 1731 τε
929 1677 1148 1746 ἐξεπολιόρκησαν
1171 1677 1249 1747 λιμῷ.

97 1751 148 1802 Καὶ
169 1749 311 1816 μέλλοντος
332 1751 410 1804 αὐτοῦ
431 1748 580 1820 ἆποψῦχειν
601 1750 690 1819 ὥσπερ
712 1744 781 1817 εἶχεν
802 1748 829 1801 ἐν
849 1747 885 1818 τῷ
910 1745 1026 1816 οἰκήματι
1050 1747 1200 1815 αἷσθόμενοί
1220 1768 1250 1799 τε

97 1820 238 1891 ἐξάγουσιν
247 1820 275 1873 ἐκ
283 1824 329 1876 τοῦ
340 1821 408 1888 ἱεροῦ
420 1821 458 1874 ἔτι
470 1821 581 1890 ἔμπνουν
593 1819 655 1872 ὄντα
668 1820 708 1873 καὶ
720 1819 839 1888 ἐξαχθεὶς
850 1817 960 1872 ἀπέθανε
972 1820 1137 1888 παραχρῆμα.
1167 1818 1249 1871 Idem

97 1901 213 1946 narrant
227 1893 371 1961 Lycurgus
384 1909 407 1946 c.
423 1893 517 1945 Leocr.
533 1906 590 1959 132,
605 1892 686 1945 Corn.
703 1892 776 1959 Nep.
789 1891 871 1943 Paus.
882 1908 908 1954 v,
920 1888 1006 1942 Diod.
1015 1888 1050 1942 xi.
1059 1901 1102 1956 45,
1114 1889 1249 1956 Polyaen.

97 1962 153 2017 viii.
170 1975 210 2030 51.
278 1966 388 2016 limine
399 1966 482 2017 teeti
515 1964 588 2031 Nep.
604 1963 686 2016 Paus.
699 1962 765 2014 vIn
778 1961 871 2014 aedem
886 1960 1043 2027 Mineruae,
1056 1977 1128 2028 puae
1141 1958 1252 2013 Clcalci-

98 2049 173 2086 oecos
190 2038 315 2100 uocatur,
335 2033 467 2103 confugit.
493 2031 560 2086 leinc
577 2049 611 2086 ne
627 2034 704 2086 exire
717 2035 819 2102 posset,
837 2032 934 2084 statim
952 2029 1053 2100 epleori
1068 2031 1172 2083 ualuas
1189 2032 1253 2083 eius

98 2105 176 2158 aedis
184 2104 384 2157 obstruxerunt
394 2108 550 2172 tectumque
560 2109 629 2157 sunt
640 2104 773 2171 demoliti,
783 2119 837 2171 quo
849 2102 965 2156 celem'us
973 2101 1023 2154 sub
1032 2101 1100 2154 diuo
1112 2103 1252 2155 interiret.

100 2173 190 2228 Miror
208 2174 237 2227 in
255 2174 332 2227 nullo
350 2174 449 2228 codice
467 2173 603 2242 scriptum
621 2174 710 2227 uideri
729 2172 856 2242 templi.
930 2175 994 2227 616.
1012 2188 1136 2236 pareus.
1175 2174 1251 2241 Nep.

100 2246 182 2299 Paus.
205 2245 222 2298 l.
237 2261 259 2298 c.
281 2245 402 2298 Dicitur
417 2262 448 2298 eo
465 2249 588 2315 tempore
608 2250 727 2298 matrem
748 2245 913 2298 Pausaniae
932 2244 1037 2296 uixisse
1056 2260 1171 2312 eamque
1192 2244 1251 2297 eam

99 2330 202 2386 magno
215 2320 293 2382 natm
304 2319 456 2385 postquam
469 2317 503 2369 de
513 2316 611 2369 scelere
620 2317 685 2385 filii
697 2317 838 2386 comperit,
850 2317 882 2368 in
896 2316 1004 2385 primis
1014 2315 1162 2384 adfilium
1174 2314 1257 2377 clau·¹

98 2387 220 2439 deudum
232 2386 354 2455 lapidem
367 2388 408 2440 ad
415 2388 566 2440 introitum
578 2387 656 2439 aedis
667 2387 801 2441 attulisse.
832 2389 904 2441 Cum
916 2385 1020 2440 Ouidio
1029 2385 1097 2439 facit
1108 2384 1254 2438 Diodorus

99 2456 135 2511 xi.
151 2469 184 2524 45
205 2456 252 2537 qui
272 2456 340 2510 dicit
357 2459 478 2526 ephoros
497 2456 654 2511 Pausaniae
672 2467 793 2510 matrem
812 2474 927 2526 rogasse
944 2473 1012 2510 num
1028 2473 1093 2510 eum
1111 2456 1252 2525 punirent,

99 2527 174 2581 hanc
193 2527 263 2581 nihil
282 2527 385 2582 dixisse
404 2527 456 2582 sed
474 2528 591 2582 laterem
610 2528 647 2581 ad
666 2527 763 2596 templi
783 2527 927 2582 introitum
946 2526 1065 2595 uexisse,
1081 2536 1108 2581 et
1128 2526 1251 2580 abiisse:

100 2608 161 2652 tum
178 2598 419 2652 Lacedaemonios
438 2598 555 2652 matris
574 2602 708 2652 secutos
728 2597 888 2652 iudicium
907 2598 1011 2652 ostium
1030 2596 1109 2651 aedis
1125 2598 1252 2652 obstrux-

101 2667 166 2724 isse.
211 2669 299 2723 Addit
326 2671 483 2737 Polyaenus
505 2668 562 2724 viii.
586 2682 615 2738 51
643 2686 708 2723 cum
732 2668 854 2737 primum
878 2670 995 2723 laterem
1020 2679 1111 2723 mater
1133 2670 1253 2723 Theano

100 2738 270 2808 aduexisset,
292 2749 401 2794 ceteros
423 2757 474 2810 pro
497 2757 527 2794 se
549 2757 689 2811 quemque
711 2740 828 2795 laterem
850 2739 1024 2809 adposuisse.
1119 2743 1186 2803 617.
1208 2742 1254 2793 Ex

102 2810 260 2866 Pausaniae
273 2810 361 2864 caede
373 2810 508 2865 transitur
519 2811 557 2864 ad
571 2811 728 2865 Palladium
741 2828 792 2880 per
804 2814 978 2865 simulaora.
1017 2812 1094 2863 Nam
1111 2820 1141 2865 ut
1159 2810 1253 2879 expia«
1270 2817 1275 2821 ’

100 2891 177 2935 retur
188 2881 345 2935 Pausaniae
355 2882 458 2935 caedes
469 2881 687 2936 Lacedaemonii
699 2883 772 2935 duas
781 2899 880 2935 aeneas
888 2883 948 2934 eius
957 2882 1096 2951 imagines
1104 2880 1133 2934 in
1146 2883 1253 2950 templo

102 2962 290 3006 sacrauerunt.
329 2953 417 3006 Thuc.
435 2952 452 3007 i.
470 2968 525 3020 134.
565 2953 622 3007 Sed
641 2963 669 3006 et
690 2952 801 3006 Tlceano
818 2969 968 3005 commune
985 2968 1089 3005 nomen
1107 2951 1254 3022 utriusque

101 3022 254 3078 historiae:
276 3039 343 3076 nam
356 3024 469 3078 Tzetzes
488 3024 525 3078 ad
544 3025 608 3092 Lyc.
622 3024 675 3092 658
694 3023 779 3077 tradit
792 3021 892 3077 Vlixen
911 3021 1069 3076 Palladium
1086 3022 1254 3091 surripuisse

102 3094 178 3148 dono
196 3093 358 3161 AntenoriS,
377 3094 456 3147 cuius
475 3111 544 3147 uxor
562 3095 681 3148 Theano
701 3093 848 3147 Mineruae
867 3092 1000 3147 sacerdos
1019 3101 1103 3146 esset.
1161 3097 1254 3148 Illius

107 3165 211 3234 Vlyssis
227 3163 274 3234 qui
288 3181 352 3217 cum
366 3164 508 3218 Diomede
522 3164 679 3219 Palladium
698 3164 790 3233 rapuit
807 3165 878 3217 Aen.
892 3163 919 3216 ii.
936 3163 985 3228 164
998 3179 1058 3232 sqq.
1077 3163 1195 3232 Tydides
1206 3164 1258 3217 sed

102 3237 176 3290 enim
188 3235 374 3303 scelerumque
386 3236 520 3306 inuentor
530 3237 629 3302 Vlixes,
642 3236 744 3289 Fatale
756 3235 884 3305 adgressi
897 3238 1007 3287 sacrato
1018 3234 1139 3286 auellere
1151 3236 1257 3304 templo

34 3321 36 3325 ·
103 3305 276 3373 Palladium,
293 3308 379 3359 caesis
395 3323 521 3359 summae
538 3306 696 3360 custodibus
713 3308 795 3373 arces,
815 3305 982 3373 Corripuere
999 3320 1109 3357 sacram
1127 3306 1253 3375 effigiem,

104 3377 286 3444 manibusque
301 3378 424 3429 cruentis
441 3378 588 3446 Virgineus
604 3378 670 3430 ausi
684 3377 769 3430 diuae
784 3378 944 3445 contingere
960 3376 1056 3442 uittas,
1072 3374 1119 3428 ubi
1139 3375 1254 3429 Seruius

103 3447 251 3500 Diomedes
268 3452 296 3500 et
316 3447 407 3500 Vlixes
426 3452 459 3500 ut
476 3448 532 3501 alii
546 3449 645 3501 dicunt
665 3447 805 3501 cuniculis
826 3453 859 3500 ut
880 3446 936 3500 alii
953 3446 1053 3500 cloacis
1071 3447 1256 3501 ascenderunt

103 3534 203 3586 arcem,
215 3522 243 3570 et
255 3519 349 3570 occin's
360 3518 518 3572 custodibus
532 3519 670 3571 sustulere
684 3519 878 3572 simulacrum.
903 3518 1031 3587 quicum
1046 3523 1258 3572 reuerterentur

104 3589 145 3642 ad
157 3605 251 3655 naues,
270 3589 369 3655 Vlixes,
387 3593 421 3641 ut
435 3590 484 3642 sui
499 3594 612 3642 tautum
629 3591 721 3659 operes
736 3589 884 3643 miteretur
897 3589 1015 3658 effictus,
1031 3589 1125 3642 uoluit
1140 3606 1257 3659 sequens

104 3659 223 3713 occidere
237 3659 419 3723 Diomedem·
439 3661 519 3713 curus
534 3659 583 3713 ille
600 3665 731 3713 conatum
747 3677 811 3714 cum
827 3661 868 3714 ad
881 3660 1009 3712 umbram
1026 3661 1112 3713 lunae
1126 3666 1255 3729 notasset,

104 3731 257 3800 religatum
268 3733 342 3799 prae
355 3747 384 3782 se
396 3731 535 3799 usquead
546 3736 640 3784 castra
654 3731 825 3785 Graecorum
838 3732 915 3802 egit:
932 3733 993 3785 ideo
1005 3737 1099 3784 autem
1111 3731 1162 3785 boc
1173 3749 1257 3802 nego-

104 3802 177 3854 tium
189 3799 235 3853 uis
246 3801 428 3870 potissimum
439 3801 533 3868 datur,
546 3803 615 3870 quia
627 3802 747 3855 cultores
754 3804 880 3870 suerunt
891 3803 1051 3856 Mineruae.
1091 3803 1156 3856 Hoc
1173 3803 1258 3872 igitur

104 3870 265 3939 inprecatur
290 3870 374 3939 lbidi,
398 3880 428 3924 ut
455 3871 568 3925 fortuna
595 3882 689 3927 utatur
713 3873 802 3927 Vlixis
831 3891 863 3926 ra
884 3872 967 3927 ientis
993 3872 1175 3939 Palladium;
1205 3890 1257 3943 per

104 3940 250 4011 angustias
263 3951 291 3996 et
304 3951 411 3996 stercus
422 3942 550 4011 accedas,
560 3952 590 3997 ut
598 3943 694 3998 Vlixes
705 3954 733 3998 et
747 3944 851 3998 Diome
872 3962 903 3999 es
916 3961 961 4013 ap.
973 3943 1122 4012 Sophoclis
1133 3945 1258 3999 Λακαίνας

104 4013 136 4067 ir.
151 4024 202 4080 337
216 4012 309 4079 Στένην
321 4011 343 4064 δ’
355 4012 447 4082 ἔδομεν
459 4013 562 4083 ψαλίδα
577 4014 648 4066 κούκ
663 4014 857 4083 ἀβόρβορονς
876 4025 971 4084 partes
985 4032 1053 4083 agas
1067 4015 1215 4083 secundas,
1229 4024 1257 4069 et

105 4094 186 4152 terga
209 4083 346 4152 praebeas
368 4083 457 4152 alteri,
480 4083 551 4139 sicut
573 4084 663 4139 Vlixis
687 4101 772 4155 super
792 4085 896 4140 umeris
920 4084 1077 4139 Diomedes
1101 4085 1130 4138 in
1155 4086 1258 4140 aedem

107 4154 255 4208 Mineruae
265 4153 318 4209 iter
326 4153 494 4223 penetrauit,
502 4173 554 4210 nec
562 4155 673 4210 Vlixem
681 4166 746 4226 post
754 4174 785 4211 se
798 4155 919 4219 adtraxit
930 4156 1042 4225 (Conon
1055 4155 1163 4224 xxxiv);
1183 4157 1258 4210 deci-

106 4224 201 4294 piaris,
220 4234 250 4279 ut
262 4224 336 4279 Vlixi
357 4224 512 4280 Diomedes
531 4226 737 4282 ementiebatur
755 4245 811 4281 non
830 4245 928 4282 uerum
947 4244 978 4281 se
999 4227 1157 4281 Palladium
1176 4227 1259 4282 surri-

107 4294 211 4365 puisse,
225 4312 262 4350 ne
280 4295 304 4348 is
321 4295 375 4349 sibi
394 4296 512 4364 gloriam
530 4297 594 4351 furti
612 4315 663 4367 per
677 4297 795 4353 insidias
811 4298 992 4363 adsumeret3
1009 4298 1138 4353 fraudem
1157 4299 1260 4354 frustra

108 4365 205 4434 cupias
218 4364 335 4446 ulcisci,
359 4383 413 4420 nec
437 4366 491 4421 nisi
516 4385 580 4422 cum
605 4368 761 4438 ignominia
785 4380 813 4425 et
837 4368 1035 4438 indignissima
1059 4380 1174 4425 coactus
1200 4371 1262 4440 pati¹

108 4454 127 4491 a
153 4437 290 4506 sacrilego
316 4436 441 4492 facinore
467 4438 624 4493 reuertaris.
676 4442 785 4495 Conon.
811 4441 847 4495 ib.
877 4443 986 4494 Notum
1011 4450 1053 4495 est
1078 4441 1260 4510 prouerbium

109 4507 246 4575 Διομηδεία
258 4508 363 4578 ἀνάγκη,
376 4509 452 4578 quod
465 4509 502 4564 ad
514 4510 588 4566 hanc
598 4509 692 4566 Vlixis.
701 4528 766 4567 cum
780 4511 922 4568 Diomede
935 4511 1145 4583 expeditionem
1158 4514 1261 4570 refere-
