<?xml version="1.0" encoding="UTF-8"?>
<!DOCTYPE html PUBLIC "-//W3C//DTD XHTML 1.0 Transitional//EN"
    "http://www.w3.org/TR/xhtml1/DTD/xhtml1-transitional.dtd">
<html xmlns="http://www.w3.org/1999/xhtml" xml:lang="en" lang="en">
 <head>
  <title>
</title>
<meta http-equiv="Content-Type" content="text/html;charset=utf-8" />
  <meta name='ocr-system' content='tesseract 3.04.00' />
  <meta name='ocr-capabilities' content='ocr_page ocr_carea ocr_par ocr_line ocrx_word'/>
</head>
<body>
  <div class='ocr_page' id='page_1' title='image "./povidiinasonisi00ovidgoog_0130.png"; bbox 0 0 3126 4980; ppageno 0'>
   <div class='ocr_carea' id='block_1_1' title="bbox 653 395 1315 460">
    <p class='ocr_par' dir='ltr' id='par_1_1' title="bbox 653 395 1315 460">
     <span class='ocr_line' id='line_1_1' title="bbox 653 395 1315 460; baseline 0.008 -6"><span class='ocrx_word' id='word_1_1' title='bbox 653 395 699 454; x_wconf 93' lang='lat' dir='ltr'><strong>IN</strong></span> <span class='ocrx_word' id='word_1_2' title='bbox 731 395 828 457; x_wconf 88' lang='lat' dir='ltr'><strong>IBIN.</strong></span> <span class='ocrx_word' id='word_1_3' title='bbox 1277 402 1315 460; x_wconf 78' lang='lat'><strong>61</strong></span> 
     </span>
    </p>
   </div>
   <div class='ocr_carea' id='block_1_2' title="bbox 158 551 1318 3872">
    <p class='ocr_par' dir='ltr' id='par_1_2' title="bbox 165 551 1317 873">
     <span class='ocr_line' id='line_1_2' title="bbox 165 551 1317 629; baseline 0.003 -19"><span class='ocrx_word' id='word_1_4' title='bbox 165 553 262 627; x_wconf 65' lang='lat' dir='ltr'><strong>riarum.</strong></span> <span class='ocrx_word' id='word_1_5' title='bbox 298 551 446 628; x_wconf 80' lang='lat' dir='ltr'><em>Ipsumque</em></span> <span class='ocrx_word' id='word_1_6' title='bbox 465 557 492 610; x_wconf 80' lang='lat' dir='ltr'><strong>et</strong></span> <span class='ocrx_word' id='word_1_7' title='bbox 513 559 621 611; x_wconf 80' lang='lat' dir='ltr'><strong>cunctos</strong></span> <span class='ocrx_word' id='word_1_8' title='bbox 644 563 721 628; x_wconf 82' lang='lat' dir='ltr'><strong>spre-</strong></span> <span class='ocrx_word' id='word_1_9' title='bbox 763 553 899 629; x_wconf 90' lang='lat' dir='ltr'><strong>dignatus</strong></span> <span class='ocrx_word' id='word_1_10' title='bbox 927 552 1039 628; x_wconf 91' lang='lat' dir='ltr'><strong>superis</strong></span> <span class='ocrx_word' id='word_1_11' title='bbox 1073 553 1193 612; x_wconf 91' lang='lat' dir='ltr'><strong>obedire</strong></span> <span class='ocrx_word' id='word_1_12' title='bbox 1221 554 1317 614; x_wconf 90' lang='lat' dir='ltr'><strong>fulmi-</strong></span> 
     </span>
     <span class='ocr_line' id='line_1_3' title="bbox 165 633 1317 695; baseline 0.002 -3"><span class='ocrx_word' id='word_1_13' title='bbox 165 640 248 692; x_wconf 78' lang='lat' dir='ltr'><strong>uerat</strong></span> <span class='ocrx_word' id='word_1_14' title='bbox 258 634 305 692; x_wconf 79' lang='lat' dir='ltr'><strong>ille</strong></span> <span class='ocrx_word' id='word_1_15' title='bbox 317 633 402 693; x_wconf 78' lang='lat' dir='ltr'><strong>deos*</strong></span> <span class='ocrx_word' id='word_1_16' title='bbox 441 633 477 693; x_wconf 79' lang='lat' dir='ltr'><strong>G.</strong></span> <span class='ocrx_word' id='word_1_17' title='bbox 763 646 848 695; x_wconf 89' lang='lat' dir='ltr'><strong>natus</strong></span> <span class='ocrx_word' id='word_1_18' title='bbox 868 644 912 694; x_wconf 91' lang='lat' dir='ltr'><strong>est</strong></span> <span class='ocrx_word' id='word_1_19' title='bbox 929 653 946 693; x_wconf 93' lang='lat' dir='ltr'><strong>a</strong></span> <span class='ocrx_word' id='word_1_20' title='bbox 963 634 1044 694; x_wconf 88' lang='lat' dir='ltr'><strong>Ioue.</strong></span> <span class='ocrx_word' id='word_1_21' title='bbox 1080 634 1176 692; x_wconf 80' lang='lat' dir='ltr'><strong>*Vnde</strong></span> <span class='ocrx_word' id='word_1_22' title='bbox 1196 636 1317 695; x_wconf 84' lang='lat' dir='ltr'><strong>Gallus:</strong></span> 
     </span>
     <span class='ocr_line' id='line_1_4' title="bbox 762 715 1317 793; baseline 0.002 -18"><span class='ocrx_word' id='word_1_23' title='bbox 762 715 937 775; x_wconf 76' lang='lat' dir='ltr'><strong>Phthlocides</strong></span> <span class='ocrx_word' id='word_1_24' title='bbox 963 716 1039 774; x_wconf 84' lang='lat' dir='ltr'><strong>cadz&#39;l</strong></span> <span class='ocrx_word' id='word_1_25' title='bbox 1063 717 1126 793; x_wconf 81' lang='lat' dir='ltr'><strong>igne</strong></span> <span class='ocrx_word' id='word_1_26' title='bbox 1150 715 1230 775; x_wconf 81' lang='lat' dir='ltr'><strong>Iouis</strong></span> <span class='ocrx_word' id='word_1_27' title='bbox 1249 722 1317 793; x_wconf 80' lang='lat' dir='ltr'><strong>quia</strong></span> 
     </span>
     <span class='ocr_line' id='line_1_5' title="bbox 761 797 1317 873; baseline 0.005 -19"><span class='ocrx_word' id='word_1_28' title='bbox 761 805 909 873; x_wconf 80' lang='lat' dir='ltr'><strong>spreuerat</strong></span> <span class='ocrx_word' id='word_1_29' title='bbox 921 800 1019 872; x_wconf 81' lang='lat' dir='ltr'><strong>ipsum.</strong></span> <span class='ocrx_word' id='word_1_30' title='bbox 1041 797 1103 856; x_wconf 81' lang='lat' dir='ltr'><strong>Nec</strong></span> <span class='ocrx_word' id='word_1_31' title='bbox 1112 818 1166 856; x_wconf 88' lang='lat' dir='ltr'><strong>non</strong></span> <span class='ocrx_word' id='word_1_32' title='bbox 1174 806 1201 857; x_wconf 78' lang='lat' dir='ltr'><strong>et</strong></span> <span class='ocrx_word' id='word_1_33' title='bbox 1207 806 1317 857; x_wconf 82' lang='lat' dir='ltr'><strong>cunctos</strong></span> 
     </span>
    </p>

    <p class='ocr_par' dir='ltr' id='par_1_3' title="bbox 702 877 1138 973">
     <span class='ocr_line' id='line_1_6' title="bbox 702 877 1138 973; baseline 0.011 -40"><span class='ocrx_word' id='word_1_34' title='bbox 702 929 704 933; x_wconf 79' lang='grc'>,</span> <span class='ocrx_word' id='word_1_35' title='bbox 760 881 971 973; x_wconf 37' lang='lat' dir='ltr'><strong>sprcueratz&#39;lle·</strong></span> <span class='ocrx_word' id='word_1_36' title='bbox 926 877 1061 938; x_wconf 84' lang='lat' dir='ltr'><strong>l.deos*</strong></span> <span class='ocrx_word' id='word_1_37' title='bbox 1105 878 1138 938; x_wconf 88' lang='lat' dir='ltr'><strong>C.</strong></span> 
     </span>
    </p>

    <p class='ocr_par' dir='ltr' id='par_1_4' title="bbox 165 957 1315 1102">
     <span class='ocr_line' id='line_1_7' title="bbox 207 957 1315 1040; baseline 0.002 -21"><span class='ocrx_word' id='word_1_38' title='bbox 207 957 432 1040; x_wconf 82' lang='lat' dir='ltr'><strong>*(A)Dimantus</strong></span> <span class='ocrx_word' id='word_1_39' title='bbox 452 959 581 1020; x_wconf 82' lang='lat' dir='ltr'><strong>tirannus</strong></span> <span class='ocrx_word' id='word_1_40' title='bbox 610 979 692 1021; x_wconf 90' lang='lat' dir='ltr'><strong>sacra</strong></span> <span class='ocrx_word' id='word_1_41' title='bbox 714 960 825 1020; x_wconf 86' lang='lat' dir='ltr'><strong>faciens</strong></span> <span class='ocrx_word' id='word_1_42' title='bbox 849 962 904 1021; x_wconf 91' lang='lat' dir='ltr'><strong>diis</strong></span> <span class='ocrx_word' id='word_1_43' title='bbox 929 961 988 1020; x_wconf 93' lang='lat' dir='ltr'><strong>suis</strong></span> <span class='ocrx_word' id='word_1_44' title='bbox 1010 961 1175 1020; x_wconf 90' lang='lat' dir='ltr'><strong>adiuuentis</strong></span> <span class='ocrx_word' id='word_1_45' title='bbox 1201 980 1219 1020; x_wconf 87' lang='lat' dir='ltr'><strong>a</strong></span> <span class='ocrx_word' id='word_1_46' title='bbox 1240 960 1315 1021; x_wconf 89' lang='lat' dir='ltr'><strong>Ioue</strong></span> 
     </span>
     <span class='ocr_line' id='line_1_8' title="bbox 165 1041 742 1102; baseline 0.002 -2"><span class='ocrx_word' id='word_1_47' title='bbox 165 1041 333 1101; x_wconf 85' lang='lat' dir='ltr'><strong>fulminatus</strong></span> <span class='ocrx_word' id='word_1_48' title='bbox 348 1042 416 1102; x_wconf 82' lang='lat' dir='ltr'><strong>est*</strong></span> <span class='ocrx_word' id='word_1_49' title='bbox 457 1042 500 1102; x_wconf 89' lang='lat' dir='ltr'><strong>H.</strong></span> <span class='ocrx_word' id='word_1_50' title='bbox 740 1097 742 1101; x_wconf 76' lang='grc'>,</span> 
     </span>
    </p>

    <p class='ocr_par' dir='ltr' id='par_1_5' title="bbox 165 1122 1316 1444">
     <span class='ocr_line' id='line_1_9' title="bbox 209 1122 1316 1200; baseline 0.005 -20"><span class='ocrx_word' id='word_1_51' title='bbox 209 1143 277 1200; x_wconf 85' lang='lat'><strong>329·</strong></span> <span class='ocrx_word' id='word_1_52' title='bbox 307 1125 373 1182; x_wconf 90' lang='lat' dir='ltr'><strong>Aut</strong></span> <span class='ocrx_word' id='word_1_53' title='bbox 413 1132 448 1183; x_wconf 94' lang='lat' dir='ltr'><strong>ut</strong></span> <span class='ocrx_word' id='word_1_54' title='bbox 489 1123 718 1183; x_wconf 82' lang='lat' dir='ltr'><strong>Amastriacis.</strong></span> <span class='ocrx_word' id='word_1_55' title='bbox 801 1122 987 1200; x_wconf 71' lang='lat' dir='ltr'><strong>*Lempneus</strong></span> <span class='ocrx_word' id='word_1_56' title='bbox 1009 1142 1061 1182; x_wconf 85' lang='lat' dir='ltr'><strong>rex</strong></span> <span class='ocrx_word' id='word_1_57' title='bbox 1081 1122 1316 1186; x_wconf 87' lang='lat' dir='ltr'><strong>†Amastriacum</strong></span> 
     </span>
     <span class='ocr_line' id='line_1_10' title="bbox 166 1203 1316 1281; baseline 0.001 -18"><span class='ocrx_word' id='word_1_58' title='bbox 166 1203 320 1264; x_wconf 83' lang='lat' dir='ltr'><strong>*Lenneus</strong></span> <span class='ocrx_word' id='word_1_59' title='bbox 339 1224 390 1263; x_wconf 88' lang='lat' dir='ltr'><strong>rex</strong></span> <span class='ocrx_word' id='word_1_60' title='bbox 407 1206 597 1264; x_wconf 88' lang='lat' dir='ltr'><strong>Amalfricum</strong></span> <span class='ocrx_word' id='word_1_61' title='bbox 617 1217 719 1281; x_wconf 89' lang='lat' dir='ltr'><strong>captus</strong></span> <span class='ocrx_word' id='word_1_62' title='bbox 760 1224 778 1264; x_wconf 92' lang='lat' dir='ltr'><strong>a</strong></span> <span class='ocrx_word' id='word_1_63' title='bbox 802 1205 970 1264; x_wconf 80' lang='lat' dir='ltr'><strong>Mithridate</strong></span> <span class='ocrx_word' id='word_1_64' title='bbox 995 1223 1063 1281; x_wconf 88' lang='lat' dir='ltr'><strong>rege</strong></span> <span class='ocrx_word' id='word_1_65' title='bbox 1091 1205 1316 1281; x_wconf 82' lang='lat' dir='ltr'>Paphlagonum</span> 
     </span>
     <span class='ocr_line' id='line_1_11' title="bbox 165 1286 1316 1364; baseline -0.001 -19"><span class='ocrx_word' id='word_1_66' title='bbox 165 1305 183 1345; x_wconf 89' lang='lat' dir='ltr'><strong>a</strong></span> <span class='ocrx_word' id='word_1_67' title='bbox 218 1287 386 1346; x_wconf 78' lang='lat' dir='ltr'><strong>Mithridate</strong></span> <span class='ocrx_word' id='word_1_68' title='bbox 423 1289 453 1345; x_wconf 92' lang='lat' dir='ltr'><strong>in</strong></span> <span class='ocrx_word' id='word_1_69' title='bbox 494 1287 591 1345; x_wconf 91' lang='lat' dir='ltr'><strong>Ponto</strong></span> <span class='ocrx_word' id='word_1_70' title='bbox 626 1288 720 1347; x_wconf 89' lang='lat' dir='ltr'><strong>insula</strong></span> <span class='ocrx_word' id='word_1_71' title='bbox 760 1297 860 1364; x_wconf 87' lang='lat' dir='ltr'><strong>raptus</strong></span> <span class='ocrx_word' id='word_1_72' title='bbox 869 1296 898 1345; x_wconf 90' lang='lat' dir='ltr'><strong>et</strong></span> <span class='ocrx_word' id='word_1_73' title='bbox 906 1287 937 1344; x_wconf 91' lang='lat' dir='ltr'><strong>in</strong></span> <span class='ocrx_word' id='word_1_74' title='bbox 947 1286 1190 1348; x_wconf 80' lang='lat' dir='ltr'><strong>insulaieschina</strong></span> <span class='ocrx_word' id='word_1_75' title='bbox 1199 1286 1316 1346; x_wconf 88' lang='lat' dir='ltr'><strong>deserta</strong></span> 
     </span>
     <span class='ocr_line' id='line_1_12' title="bbox 165 1367 1315 1444; baseline -0.001 -17"><span class='ocrx_word' id='word_1_76' title='bbox 165 1368 243 1428; x_wconf 91' lang='lat' dir='ltr'><strong>solus</strong></span> <span class='ocrx_word' id='word_1_77' title='bbox 258 1367 410 1427; x_wconf 89' lang='lat' dir='ltr'><strong>derelictus</strong></span> <span class='ocrx_word' id='word_1_78' title='bbox 425 1368 501 1427; x_wconf 90' lang='lat' dir='ltr'><strong>farne</strong></span> <span class='ocrx_word' id='word_1_79' title='bbox 516 1369 628 1427; x_wconf 90' lang='lat' dir='ltr'><strong>interiit.</strong></span> <span class='ocrx_word' id='word_1_80' title='bbox 662 1368 698 1428; x_wconf 89' lang='lat' dir='ltr'><strong>G.</strong></span> <span class='ocrx_word' id='word_1_81' title='bbox 760 1369 875 1428; x_wconf 91' lang='lat' dir='ltr'><strong>relictus</strong></span> <span class='ocrx_word' id='word_1_82' title='bbox 911 1367 1019 1444; x_wconf 86' lang='lat' dir='ltr'><strong>frigore</strong></span> <span class='ocrx_word' id='word_1_83' title='bbox 1053 1377 1083 1426; x_wconf 94' lang='lat' dir='ltr'><strong>et</strong></span> <span class='ocrx_word' id='word_1_84' title='bbox 1114 1367 1191 1426; x_wconf 89' lang='lat' dir='ltr'><strong>fame</strong></span> <span class='ocrx_word' id='word_1_85' title='bbox 1222 1368 1315 1443; x_wconf 88' lang='lat' dir='ltr'><strong>periit.</strong></span> 
     </span>
    </p>

    <p class='ocr_par' dir='ltr' id='par_1_6' title="bbox 158 1448 1318 2240">
     <span class='ocr_line' id='line_1_13' title="bbox 206 1448 1316 1523; baseline -0.001 -16"><span class='ocrx_word' id='word_1_86' title='bbox 206 1449 367 1508; x_wconf 83' lang='lat' dir='ltr'><strong>*Lenneus</strong></span> <span class='ocrx_word' id='word_1_87' title='bbox 392 1469 443 1508; x_wconf 86' lang='lat' dir='ltr'><strong>rex</strong></span> <span class='ocrx_word' id='word_1_88' title='bbox 466 1451 680 1509; x_wconf 90' lang='lat' dir='ltr'><strong>Amastriacum</strong></span> <span class='ocrx_word' id='word_1_89' title='bbox 703 1470 720 1509; x_wconf 89' lang='lat' dir='ltr'><strong>a</strong></span> <span class='ocrx_word' id='word_1_90' title='bbox 761 1448 858 1507; x_wconf 85' lang='lat' dir='ltr'><strong>*Vnde</strong></span> <span class='ocrx_word' id='word_1_91' title='bbox 867 1449 987 1513; x_wconf 86' lang='lat' dir='ltr'><strong>†Fano·</strong></span> <span class='ocrx_word' id='word_1_92' title='bbox 1011 1448 1085 1506; x_wconf 79' lang='lat' dir='ltr'><strong>Verte</strong></span> <span class='ocrx_word' id='word_1_93' title='bbox 1097 1449 1206 1523; x_wconf 82' lang='lat' dir='ltr'><strong>ciboque</strong></span> <span class='ocrx_word' id='word_1_94' title='bbox 1218 1468 1316 1507; x_wconf 84' lang='lat' dir='ltr'><strong>carens</strong></span> 
     </span>
     <span class='ocr_line' id='line_1_14' title="bbox 165 1528 1318 1626; baseline -0.002 -38"><span class='ocrx_word' id='word_1_95' title='bbox 165 1529 647 1608; x_wconf 82' lang='lat' dir='ltr'><strong>Mr‘thridatePaphlagonumrege</strong></span> <span class='ocrx_word' id='word_1_96' title='bbox 658 1529 718 1626; x_wconf 84' lang='lat' dir='ltr'><strong>[so-</strong></span> <span class='ocrx_word' id='word_1_97' title='bbox 759 1531 914 1606; x_wconf 56' lang='lat' dir='ltr'><strong>Lentonem</strong></span> <span class='ocrx_word' id='word_1_98' title='bbox 928 1549 985 1588; x_wconf 83' lang='lat' dir='ltr'><strong>rex</strong></span> <span class='ocrx_word' id='word_1_99' title='bbox 999 1531 1062 1588; x_wconf 82' lang='lat' dir='ltr'><strong>h&#39;cel</strong></span> <span class='ocrx_word' id='word_1_100' title='bbox 1075 1537 1143 1588; x_wconf 80' lang='lat' dir='ltr'><strong>esset</strong></span> <span class='ocrx_word' id='word_1_101' title='bbox 1157 1528 1221 1600; x_wconf 82' lang='lat' dir='ltr'><strong>Qua</strong></span> <span class='ocrx_word' id='word_1_102' title='bbox 1230 1530 1318 1605; x_wconf 71' lang='lat' dir='ltr'><strong>perat</strong></span> 
     </span>
     <span class='ocr_line' id='line_1_15' title="bbox 164 1608 1314 1692; baseline -0.001 -22"><span class='ocrx_word' id='word_1_103' title='bbox 164 1608 246 1692; x_wconf 87' lang='lat' dir='ltr'><strong>cero]</strong></span> <span class='ocrx_word' id='word_1_104' title='bbox 260 1612 400 1671; x_wconf 92' lang='lat' dir='ltr'><strong>Achillis</strong></span> <span class='ocrx_word' id='word_1_105' title='bbox 393 1632 424 1670; x_wconf 87' lang='grc' dir='ltr'><strong>ιιι</strong></span> <span class='ocrx_word' id='word_1_106' title='bbox 438 1613 531 1672; x_wconf 89' lang='lat' dir='ltr'><strong>1nsula</strong></span> <span class='ocrx_word' id='word_1_107' title='bbox 541 1631 616 1690; x_wconf 89' lang='lat' dir='ltr'><strong>quae</strong></span> <span class='ocrx_word' id='word_1_108' title='bbox 630 1626 674 1673; x_wconf 90' lang='lat' dir='ltr'><strong>est</strong></span> <span class='ocrx_word' id='word_1_109' title='bbox 688 1614 719 1671; x_wconf 93' lang='lat' dir='ltr'><strong>in</strong></span> <span class='ocrx_word' id='word_1_110' title='bbox 760 1612 867 1671; x_wconf 73' lang='lat' dir='ltr'><strong>Neodes</strong></span> <span class='ocrx_word' id='word_1_111' title='bbox 901 1615 955 1672; x_wconf 87' lang='lat' dir='ltr'><strong>hac</strong></span> <span class='ocrx_word' id='word_1_112' title='bbox 980 1629 1082 1687; x_wconf 83' lang='lat' dir='ltr'><strong>quoque</strong></span> <span class='ocrx_word' id='word_1_113' title='bbox 1110 1618 1186 1688; x_wconf 82' lang='lat' dir='ltr'><strong>peste</strong></span> <span class='ocrx_word' id='word_1_114' title='bbox 1213 1609 1314 1689; x_wconf 73' lang='lat' dir='ltr'><strong>perit*</strong></span> 
     </span>
     <span class='ocr_line' id='line_1_16' title="bbox 165 1693 858 1771; baseline 0 -20"><span class='ocrx_word' id='word_1_115' title='bbox 165 1693 261 1752; x_wconf 91' lang='lat' dir='ltr'><strong>Ponto</strong></span> <span class='ocrx_word' id='word_1_116' title='bbox 271 1695 577 1771; x_wconf 85' lang='lat' dir='ltr'><strong>nommeAndugeues</strong></span> <span class='ocrx_word' id='word_1_117' title='bbox 587 1694 665 1753; x_wconf 91' lang='lat' dir='ltr'><strong>solus</strong></span> <span class='ocrx_word' id='word_1_118' title='bbox 675 1705 719 1753; x_wconf 90' lang='lat' dir='ltr'><strong>est</strong></span> <span class='ocrx_word' id='word_1_119' title='bbox 759 1693 858 1755; x_wconf 81' lang='lat' dir='ltr'><strong>Mure</strong></span> 
     </span>
     <span class='ocr_line' id='line_1_17' title="bbox 164 1772 718 1857; baseline 0.002 -25"><span class='ocrx_word' id='word_1_120' title='bbox 164 1774 280 1834; x_wconf 90' lang='lat' dir='ltr'><strong>relictus</strong></span> <span class='ocrx_word' id='word_1_121' title='bbox 303 1772 344 1857; x_wconf 90' lang='lat' dir='ltr'><strong>[et</strong></span> <span class='ocrx_word' id='word_1_122' title='bbox 365 1776 404 1834; x_wconf 94' lang='lat' dir='ltr'><strong>ibi</strong></span> <span class='ocrx_word' id='word_1_123' title='bbox 424 1775 501 1835; x_wconf 90' lang='lat' dir='ltr'><strong>farne</strong></span> <span class='ocrx_word' id='word_1_124' title='bbox 523 1776 607 1851; x_wconf 91' lang='lat' dir='ltr'><strong>periit</strong></span> <span class='ocrx_word' id='word_1_125' title='bbox 628 1776 718 1835; x_wconf 86' lang='lat' dir='ltr'><strong>etlri-</strong></span> 
     </span>
     <span class='ocr_line' id='line_1_18' title="bbox 163 1855 720 1937; baseline 0.007 -25"><span class='ocrx_word' id='word_1_126' title='bbox 163 1873 234 1932; x_wconf 88' lang='lat' dir='ltr'><strong>gore</strong></span> <span class='ocrx_word' id='word_1_127' title='bbox 259 1859 328 1932; x_wconf 88' lang='lat' dir='ltr'><strong>quia</strong></span> <span class='ocrx_word' id='word_1_128' title='bbox 351 1859 465 1917; x_wconf 84' lang='lat' dir='ltr'><strong>deserta</strong></span> <span class='ocrx_word' id='word_1_129' title='bbox 494 1855 579 1937; x_wconf 89' lang='lat' dir='ltr'><strong>erat].</strong></span> <span class='ocrx_word' id='word_1_130' title='bbox 622 1856 720 1916; x_wconf 80' lang='lat' dir='ltr'><strong>*Vnde</strong></span> 
     </span>
     <span class='ocr_line' id='line_1_19' title="bbox 163 1936 720 2016; baseline 0.004 -22"><span class='ocrx_word' id='word_1_131' title='bbox 163 1939 207 1995; x_wconf 79' lang='lat' dir='ltr'><strong>ait</strong></span> <span class='ocrx_word' id='word_1_132' title='bbox 232 1938 428 1997; x_wconf 80' lang='lat' dir='ltr'><strong>Fauoranus:</strong></span> <span class='ocrx_word' id='word_1_133' title='bbox 473 1938 547 1997; x_wconf 82' lang='lat' dir='ltr'><strong>Veste</strong></span> <span class='ocrx_word' id='word_1_134' title='bbox 572 1936 720 2016; x_wconf 75' lang='lat' dir='ltr'><strong>cr&#39;hz&#39;(r)que</strong></span> 
     </span>
     <span class='ocr_line' id='line_1_20' title="bbox 162 2019 720 2092; baseline 0.005 -17"><span class='ocrx_word' id='word_1_135' title='bbox 162 2037 260 2077; x_wconf 83' lang='lat' dir='ltr'><strong>carens</strong></span> <span class='ocrx_word' id='word_1_136' title='bbox 273 2019 410 2078; x_wconf 82' lang='lat' dir='ltr'><strong>Lemneus</strong></span> <span class='ocrx_word' id='word_1_137' title='bbox 423 2040 479 2079; x_wconf 83' lang='lat' dir='ltr'><strong>rex</strong></span> <span class='ocrx_word' id='word_1_138' title='bbox 493 2021 556 2078; x_wconf 78' lang='lat' dir='ltr'><strong>licet</strong></span> <span class='ocrx_word' id='word_1_139' title='bbox 564 2028 636 2091; x_wconf 78' lang='lat' dir='ltr'><strong>esset,</strong></span> <span class='ocrx_word' id='word_1_140' title='bbox 655 2020 720 2092; x_wconf 83' lang='lat' dir='ltr'><strong>Qua</strong></span> 
     </span>
     <span class='ocr_line' id='line_1_21' title="bbox 158 2101 718 2240; baseline 0.005 -83"><span class='ocrx_word' id='word_1_141' title='bbox 158 2102 248 2240; x_wconf 42' lang='lat' dir='ltr'><strong>{ertit</strong></span> <span class='ocrx_word' id='word_1_142' title='bbox 256 2101 363 2161; x_wconf 73' lang='lat' dir='ltr'><strong>Neam</strong></span> <span class='ocrx_word' id='word_1_143' title='bbox 372 2104 418 2160; x_wconf 80' lang='lat' dir='ltr'><strong>hic</strong></span> <span class='ocrx_word' id='word_1_144' title='bbox 430 2120 533 2179; x_wconf 80' lang='lat' dir='ltr'><strong>quoque</strong></span> <span class='ocrx_word' id='word_1_145' title='bbox 544 2108 627 2160; x_wconf 81' lang='lat' dir='ltr'><strong>morte</strong></span> <span class='ocrx_word' id='word_1_146' title='bbox 634 2104 718 2180; x_wconf 77' lang='lat' dir='ltr'><strong>perit</strong></span> 
     </span>
    </p>

    <p class='ocr_par' dir='ltr' id='par_1_7' title="bbox 206 2182 292 2242">
     <span class='ocr_line' id='line_1_22' title="bbox 206 2182 292 2242; baseline -0.023 -2"><span class='ocrx_word' id='word_1_147' title='bbox 206 2182 292 2242; x_wconf 74' lang='lat' dir='ltr'><strong>Aah*</strong></span> 
     </span>
    </p>

    <p class='ocr_par' dir='ltr' id='par_1_8' title="bbox 163 2262 1314 2505">
     <span class='ocr_line' id='line_1_23' title="bbox 204 2262 1313 2344; baseline 0.005 -23"><span class='ocrx_word' id='word_1_148' title='bbox 204 2262 358 2342; x_wconf 81' lang='lat' dir='ltr'><strong>*Lepneus</strong></span> <span class='ocrx_word' id='word_1_149' title='bbox 386 2264 599 2325; x_wconf 86' lang='lat' dir='ltr'><strong>Amastriacum</strong></span> <span class='ocrx_word' id='word_1_150' title='bbox 632 2285 683 2325; x_wconf 84' lang='lat' dir='ltr'><strong>rex</strong></span> <span class='ocrx_word' id='word_1_151' title='bbox 711 2285 730 2324; x_wconf 91' lang='lat' dir='ltr'><strong>a</strong></span> <span class='ocrx_word' id='word_1_152' title='bbox 759 2263 927 2324; x_wconf 75' lang='lat' dir='ltr'><strong>Methridate</strong></span> <span class='ocrx_word' id='word_1_153' title='bbox 960 2264 1152 2342; x_wconf 84' lang='lat' dir='ltr'><strong>paflagonum</strong></span> <span class='ocrx_word' id='word_1_154' title='bbox 1184 2285 1254 2344; x_wconf 92' lang='lat' dir='ltr'><strong>rege</strong></span> <span class='ocrx_word' id='word_1_155' title='bbox 1283 2275 1313 2326; x_wconf 91' lang='lat' dir='ltr'><strong>et</strong></span> 
     </span>
     <span class='ocr_line' id='line_1_24' title="bbox 164 2346 1314 2424; baseline 0.005 -22"><span class='ocrx_word' id='word_1_156' title='bbox 164 2363 267 2405; x_wconf 89' lang='lat' dir='ltr'><strong>socero</strong></span> <span class='ocrx_word' id='word_1_157' title='bbox 290 2346 409 2406; x_wconf 88' lang='lat' dir='ltr'><strong>Achillis</strong></span> <span class='ocrx_word' id='word_1_158' title='bbox 427 2348 457 2405; x_wconf 92' lang='lat' dir='ltr'><strong>in</strong></span> <span class='ocrx_word' id='word_1_159' title='bbox 476 2347 570 2406; x_wconf 87' lang='lat' dir='ltr'><strong>insula</strong></span> <span class='ocrx_word' id='word_1_160' title='bbox 584 2366 659 2424; x_wconf 90' lang='lat' dir='ltr'><strong>quae</strong></span> <span class='ocrx_word' id='word_1_161' title='bbox 684 2347 780 2406; x_wconf 90' lang='lat' dir='ltr'><strong>estin</strong></span> <span class='ocrx_word' id='word_1_162' title='bbox 802 2347 898 2405; x_wconf 91' lang='lat' dir='ltr'><strong>Ponto</strong></span> <span class='ocrx_word' id='word_1_163' title='bbox 920 2346 999 2406; x_wconf 90' lang='lat' dir='ltr'><strong>solus</strong></span> <span class='ocrx_word' id='word_1_164' title='bbox 1020 2348 1135 2407; x_wconf 91' lang='lat' dir='ltr'><strong>relictus</strong></span> <span class='ocrx_word' id='word_1_165' title='bbox 1157 2358 1202 2408; x_wconf 90' lang='lat' dir='ltr'><strong>est</strong></span> <span class='ocrx_word' id='word_1_166' title='bbox 1222 2359 1250 2408; x_wconf 89' lang='lat' dir='ltr'><strong>et</strong></span> <span class='ocrx_word' id='word_1_167' title='bbox 1273 2350 1314 2408; x_wconf 89' lang='lat' dir='ltr'><strong>ibi</strong></span> 
     </span>
     <span class='ocr_line' id='line_1_25' title="bbox 163 2426 864 2505; baseline 0.001 -20"><span class='ocrx_word' id='word_1_168' title='bbox 163 2426 240 2486; x_wconf 87' lang='lat' dir='ltr'><strong>fame</strong></span> <span class='ocrx_word' id='word_1_169' title='bbox 256 2428 379 2488; x_wconf 87' lang='lat' dir='ltr'><strong>decessit</strong></span> <span class='ocrx_word' id='word_1_170' title='bbox 396 2429 465 2505; x_wconf 92' lang='lat' dir='ltr'><strong>quia</strong></span> <span class='ocrx_word' id='word_1_171' title='bbox 478 2428 559 2487; x_wconf 92' lang='lat' dir='ltr'><strong>locus</strong></span> <span class='ocrx_word' id='word_1_172' title='bbox 574 2430 704 2488; x_wconf 91' lang='lat' dir='ltr'><strong>desertus</strong></span> <span class='ocrx_word' id='word_1_173' title='bbox 719 2438 786 2488; x_wconf 86' lang='lat' dir='ltr'><strong>erat.</strong></span> <span class='ocrx_word' id='word_1_174' title='bbox 824 2429 864 2487; x_wconf 90' lang='lat' dir='ltr'><strong>P.</strong></span> 
     </span>
    </p>

    <p class='ocr_par' dir='ltr' id='par_1_9' title="bbox 162 2508 1313 3137">
     <span class='ocr_line' id='line_1_26' title="bbox 204 2508 1312 2587; baseline 0.005 -21"><span class='ocrx_word' id='word_1_175' title='bbox 204 2508 383 2587; x_wconf 87' lang='lat' dir='ltr'><strong>Imprecatur</strong></span> <span class='ocrx_word' id='word_1_176' title='bbox 400 2511 535 2568; x_wconf 85' lang='lat' dir='ltr'><strong>miseram</strong></span> <span class='ocrx_word' id='word_1_177' title='bbox 557 2522 681 2570; x_wconf 89' lang='lat' dir='ltr'><strong>mortem</strong></span> <span class='ocrx_word' id='word_1_178' title='bbox 699 2511 800 2581; x_wconf 92' lang='lat' dir='ltr'><strong>Lenei,</strong></span> <span class='ocrx_word' id='word_1_179' title='bbox 822 2510 872 2587; x_wconf 88' lang='lat' dir='ltr'><strong>qui</strong></span> <span class='ocrx_word' id='word_1_180' title='bbox 894 2527 961 2568; x_wconf 89' lang='lat' dir='ltr'><strong>curn</strong></span> <span class='ocrx_word' id='word_1_181' title='bbox 981 2528 1033 2568; x_wconf 90' lang='lat' dir='ltr'><strong>rex</strong></span> <span class='ocrx_word' id='word_1_182' title='bbox 1054 2519 1131 2569; x_wconf 92' lang='lat' dir='ltr'><strong>esset</strong></span> <span class='ocrx_word' id='word_1_183' title='bbox 1152 2511 1312 2578; x_wconf 76' lang='lat' dir='ltr'><strong>Amastria-</strong></span> 
     </span>
     <span class='ocr_line' id='line_1_27' title="bbox 164 2590 1313 2669; baseline 0.003 -21"><span class='ocrx_word' id='word_1_184' title='bbox 164 2608 267 2650; x_wconf 89' lang='lat' dir='ltr'><strong>corum</strong></span> <span class='ocrx_word' id='word_1_185' title='bbox 280 2591 457 2666; x_wconf 89' lang='lat' dir='ltr'><strong>populorum</strong></span> <span class='ocrx_word' id='word_1_186' title='bbox 471 2592 502 2648; x_wconf 92' lang='lat' dir='ltr'><strong>in</strong></span> <span class='ocrx_word' id='word_1_187' title='bbox 518 2590 635 2668; x_wconf 88' lang='lat' dir='ltr'><strong>Scythia</strong></span> <span class='ocrx_word' id='word_1_188' title='bbox 648 2592 787 2669; x_wconf 85' lang='lat' dir='ltr'><strong>expulsus</strong></span> <span class='ocrx_word' id='word_1_189' title='bbox 801 2611 819 2650; x_wconf 93' lang='lat' dir='ltr'><strong>a</strong></span> <span class='ocrx_word' id='word_1_190' title='bbox 832 2591 999 2650; x_wconf 78' lang='lat' dir='ltr'><strong>Mithridate</strong></span> <span class='ocrx_word' id='word_1_191' title='bbox 1014 2593 1043 2649; x_wconf 93' lang='lat' dir='ltr'><strong>iu</strong></span> <span class='ocrx_word' id='word_1_192' title='bbox 1055 2592 1174 2651; x_wconf 86' lang='lat' dir='ltr'><strong>Achillis</strong></span> <span class='ocrx_word' id='word_1_193' title='bbox 1187 2593 1313 2654; x_wconf 87' lang='lat' dir='ltr'><strong>dromon</strong></span> 
     </span>
     <span class='ocr_line' id='line_1_28' title="bbox 163 2671 1313 2749; baseline 0.004 -20"><span class='ocrx_word' id='word_1_194' title='bbox 163 2672 273 2748; x_wconf 82' lang='lat' dir='ltr'><strong>aufugit</strong></span> <span class='ocrx_word' id='word_1_195' title='bbox 290 2682 377 2748; x_wconf 86' lang='lat' dir='ltr'><strong>atque</strong></span> <span class='ocrx_word' id='word_1_196' title='bbox 398 2674 438 2730; x_wconf 92' lang='lat' dir='ltr'><strong>ibi</strong></span> <span class='ocrx_word' id='word_1_197' title='bbox 459 2691 477 2730; x_wconf 90' lang='lat' dir='ltr'><strong>a</strong></span> <span class='ocrx_word' id='word_1_198' title='bbox 498 2674 557 2732; x_wconf 92' lang='lat' dir='ltr'><strong>suis</strong></span> <span class='ocrx_word' id='word_1_199' title='bbox 573 2674 703 2732; x_wconf 91' lang='lat' dir='ltr'><strong>desertus</strong></span> <span class='ocrx_word' id='word_1_200' title='bbox 717 2674 809 2749; x_wconf 90' lang='lat' dir='ltr'><strong>periit.</strong></span> <span class='ocrx_word' id='word_1_201' title='bbox 852 2671 1000 2731; x_wconf 80' lang='lat' dir='ltr'><strong>Achilleos</strong></span> <span class='ocrx_word' id='word_1_202' title='bbox 1014 2674 1136 2733; x_wconf 91' lang='lat' dir='ltr'><strong>dromos</strong></span> <span class='ocrx_word' id='word_1_203' title='bbox 1156 2675 1174 2732; x_wconf 91' lang='lat' dir='ltr'><strong>i.</strong></span> <span class='ocrx_word' id='word_1_204' title='bbox 1190 2674 1313 2734; x_wconf 88' lang='lat' dir='ltr'><strong>Achillis</strong></span> 
     </span>
     <span class='ocr_line' id='line_1_29' title="bbox 163 2754 1313 2830; baseline 0.004 -20"><span class='ocrx_word' id='word_1_205' title='bbox 163 2769 272 2824; x_wconf 89' lang='lat' dir='ltr'><strong>cursus,</strong></span> <span class='ocrx_word' id='word_1_206' title='bbox 288 2771 376 2829; x_wconf 92' lang='lat' dir='ltr'><strong>quem</strong></span> <span class='ocrx_word' id='word_1_207' title='bbox 390 2755 487 2813; x_wconf 87' lang='lat' dir='ltr'><strong>locum</strong></span> <span class='ocrx_word' id='word_1_208' title='bbox 497 2754 620 2813; x_wconf 91' lang='lat' dir='ltr'><strong>Ouidius</strong></span> <span class='ocrx_word' id='word_1_209' title='bbox 631 2774 710 2814; x_wconf 91' lang='lat' dir='ltr'><strong>nunc</strong></span> <span class='ocrx_word' id='word_1_210' title='bbox 721 2755 846 2830; x_wconf 92' lang='lat' dir='ltr'><strong>appellat</strong></span> <span class='ocrx_word' id='word_1_211' title='bbox 857 2754 1019 2812; x_wconf 87' lang='lat' dir='ltr'><strong>Achilleam</strong></span> <span class='ocrx_word' id='word_1_212' title='bbox 1029 2756 1152 2825; x_wconf 85' lang='lat' dir='ltr'><strong>humum,</strong></span> <span class='ocrx_word' id='word_1_213' title='bbox 1163 2755 1258 2814; x_wconf 87' lang='lat' dir='ltr'><strong>insula</strong></span> <span class='ocrx_word' id='word_1_214' title='bbox 1268 2765 1313 2816; x_wconf 89' lang='lat' dir='ltr'><strong>est</strong></span> 
     </span>
     <span class='ocr_line' id='line_1_30' title="bbox 162 2835 1313 2914; baseline 0.003 -23"><span class='ocrx_word' id='word_1_215' title='bbox 162 2851 238 2910; x_wconf 90' lang='lat' dir='ltr'><strong>quae</strong></span> <span class='ocrx_word' id='word_1_216' title='bbox 250 2835 351 2894; x_wconf 93' lang='lat' dir='ltr'><strong>dicitur</strong></span> <span class='ocrx_word' id='word_1_217' title='bbox 362 2836 555 2911; x_wconf 90' lang='lat' dir='ltr'><strong>†Armigenis.</strong></span> <span class='ocrx_word' id='word_1_218' title='bbox 587 2836 730 2895; x_wconf 89' lang='lat' dir='ltr'><strong>Amastris</strong></span> <span class='ocrx_word' id='word_1_219' title='bbox 740 2853 810 2894; x_wconf 89' lang='lat' dir='ltr'><strong>uero</strong></span> <span class='ocrx_word' id='word_1_220' title='bbox 821 2837 891 2895; x_wconf 92' lang='lat' dir='ltr'><strong>urbs</strong></span> <span class='ocrx_word' id='word_1_221' title='bbox 905 2845 949 2894; x_wconf 90' lang='lat' dir='ltr'><strong>est</strong></span> <span class='ocrx_word' id='word_1_222' title='bbox 958 2836 989 2894; x_wconf 90' lang='lat' dir='ltr'><strong>in</strong></span> <span class='ocrx_word' id='word_1_223' title='bbox 1003 2837 1156 2911; x_wconf 87' lang='lat' dir='ltr'><strong>peninsula</strong></span> <span class='ocrx_word' id='word_1_224' title='bbox 1167 2836 1313 2914; x_wconf 89' lang='lat' dir='ltr'><strong>habetque</strong></span> 
     </span>
     <span class='ocr_line' id='line_1_31' title="bbox 163 2916 1313 2993; baseline 0.004 -21"><span class='ocrx_word' id='word_1_225' title='bbox 163 2933 200 2973; x_wconf 86' lang='lat' dir='ltr'><strong>ex</strong></span> <span class='ocrx_word' id='word_1_226' title='bbox 219 2926 339 2993; x_wconf 90' lang='lat' dir='ltr'><strong>utraque</strong></span> <span class='ocrx_word' id='word_1_227' title='bbox 360 2928 441 2992; x_wconf 89' lang='lat' dir='ltr'><strong>parte</strong></span> <span class='ocrx_word' id='word_1_228' title='bbox 463 2926 573 2992; x_wconf 70' lang='lat' dir='ltr'><strong>portus</strong></span> <span class='ocrx_word' id='word_1_229' title='bbox 593 2917 670 2976; x_wconf 87' lang='lat' dir='ltr'><strong>dicta</strong></span> <span class='ocrx_word' id='word_1_230' title='bbox 691 2919 729 2976; x_wconf 93' lang='lat' dir='ltr'><strong>ab</strong></span> <span class='ocrx_word' id='word_1_231' title='bbox 749 2917 910 2975; x_wconf 84' lang='lat' dir='ltr'><strong>Amastride</strong></span> <span class='ocrx_word' id='word_1_232' title='bbox 930 2916 988 2975; x_wconf 91' lang='lat' dir='ltr'><strong>filia</strong></span> <span class='ocrx_word' id='word_1_233' title='bbox 1009 2916 1148 2976; x_wconf 85' lang='lat' dir='ltr'><strong>Oxathris</strong></span> <span class='ocrx_word' id='word_1_234' title='bbox 1170 2927 1199 2976; x_wconf 90' lang='lat' dir='ltr'><strong>et</strong></span> <span class='ocrx_word' id='word_1_235' title='bbox 1220 2936 1313 2977; x_wconf 86' lang='lat' dir='ltr'><strong>uxore</strong></span> 
     </span>
     <span class='ocr_line' id='line_1_32' title="bbox 163 2997 1312 3077; baseline 0.002 -21"><span class='ocrx_word' id='word_1_236' title='bbox 163 2997 289 3056; x_wconf 90' lang='lat' dir='ltr'><strong>Dionisii</strong></span> <span class='ocrx_word' id='word_1_237' title='bbox 309 2999 431 3075; x_wconf 88' lang='lat' dir='ltr'><strong>tyranni.</strong></span> <span class='ocrx_word' id='word_1_238' title='bbox 475 2997 553 3057; x_wconf 88' lang='lat' dir='ltr'><strong>unde</strong></span> <span class='ocrx_word' id='word_1_239' title='bbox 575 2998 623 3057; x_wconf 93' lang='lat' dir='ltr'><strong>hic</strong></span> <span class='ocrx_word' id='word_1_240' title='bbox 647 2998 798 3057; x_wconf 89' lang='lat' dir='ltr'><strong>Dionisius</strong></span> <span class='ocrx_word' id='word_1_241' title='bbox 819 2997 936 3056; x_wconf 90' lang='lat' dir='ltr'><strong>Leneus</strong></span> <span class='ocrx_word' id='word_1_242' title='bbox 961 3007 1007 3056; x_wconf 90' lang='lat' dir='ltr'><strong>est</strong></span> <span class='ocrx_word' id='word_1_243' title='bbox 1026 2998 1195 3075; x_wconf 78' lang='lat' dir='ltr'><strong>appellatus,</strong></span> <span class='ocrx_word' id='word_1_244' title='bbox 1237 2999 1312 3077; x_wconf 82' lang='lat' dir='ltr'><strong>Reg.</strong></span> 
     </span>
     <span class='ocr_line' id='line_1_33' title="bbox 166 3081 253 3137; baseline 0 -1"><span class='ocrx_word' id='word_1_245' title='bbox 166 3081 253 3137; x_wconf 73' lang='lat'><strong>2061.</strong></span> 
     </span>
    </p>

    <p class='ocr_par' dir='ltr' id='par_1_10' title="bbox 162 3158 1312 3399">
     <span class='ocr_line' id='line_1_34' title="bbox 203 3158 1312 3238; baseline 0.002 -20"><span class='ocrx_word' id='word_1_246' title='bbox 203 3160 354 3220; x_wconf 88' lang='lat' dir='ltr'><strong>Dionisius</strong></span> <span class='ocrx_word' id='word_1_247' title='bbox 375 3160 506 3220; x_wconf 91' lang='lat' dir='ltr'><strong>tirannus</strong></span> <span class='ocrx_word' id='word_1_248' title='bbox 527 3159 725 3220; x_wconf 91' lang='lat' dir='ltr'><strong>Heracliensis</strong></span> <span class='ocrx_word' id='word_1_249' title='bbox 750 3159 889 3237; x_wconf 82' lang='lat' dir='ltr'><strong>expulsus</strong></span> <span class='ocrx_word' id='word_1_250' title='bbox 911 3178 929 3218; x_wconf 92' lang='lat' dir='ltr'><strong>a</strong></span> <span class='ocrx_word' id='word_1_251' title='bbox 952 3158 1120 3219; x_wconf 89' lang='lat' dir='ltr'><strong>Mithridate</strong></span> <span class='ocrx_word' id='word_1_252' title='bbox 1145 3161 1256 3238; x_wconf 85' lang='lat' dir='ltr'><strong>aufugit</strong></span> <span class='ocrx_word' id='word_1_253' title='bbox 1281 3162 1312 3220; x_wconf 93' lang='lat' dir='ltr'><strong>in</strong></span> 
     </span>
     <span class='ocr_line' id='line_1_35' title="bbox 162 3240 1311 3319; baseline 0.001 -19"><span class='ocrx_word' id='word_1_254' title='bbox 162 3240 261 3301; x_wconf 89' lang='lat' dir='ltr'><strong>locum</strong></span> <span class='ocrx_word' id='word_1_255' title='bbox 276 3260 363 3319; x_wconf 90' lang='lat' dir='ltr'><strong>quern</strong></span> <span class='ocrx_word' id='word_1_256' title='bbox 379 3261 495 3301; x_wconf 90' lang='lat' dir='ltr'><strong>cursum</strong></span> <span class='ocrx_word' id='word_1_257' title='bbox 510 3242 630 3300; x_wconf 90' lang='lat' dir='ltr'><strong>Achillis</strong></span> <span class='ocrx_word' id='word_1_258' title='bbox 644 3242 790 3319; x_wconf 88' lang='lat' dir='ltr'><strong>appellant</strong></span> <span class='ocrx_word' id='word_1_259' title='bbox 805 3241 855 3300; x_wconf 91' lang='lat' dir='ltr'><strong>ubi</strong></span> <span class='ocrx_word' id='word_1_260' title='bbox 869 3261 887 3300; x_wconf 88' lang='lat' dir='ltr'><strong>a</strong></span> <span class='ocrx_word' id='word_1_261' title='bbox 901 3242 961 3301; x_wconf 92' lang='lat' dir='ltr'><strong>suis</strong></span> <span class='ocrx_word' id='word_1_262' title='bbox 976 3243 1107 3301; x_wconf 89' lang='lat' dir='ltr'><strong>desertus</strong></span> <span class='ocrx_word' id='word_1_263' title='bbox 1125 3243 1209 3319; x_wconf 89' lang='lat' dir='ltr'><strong>periit</strong></span> <span class='ocrx_word' id='word_1_264' title='bbox 1228 3243 1311 3302; x_wconf 89' lang='lat' dir='ltr'><strong>omni</strong></span> 
     </span>
     <span class='ocr_line' id='line_1_36' title="bbox 162 3323 611 3399; baseline -0.002 -18"><span class='ocrx_word' id='word_1_265' title='bbox 162 3323 314 3383; x_wconf 90' lang='lat' dir='ltr'><strong>destitutus</strong></span> <span class='ocrx_word' id='word_1_266' title='bbox 328 3342 395 3399; x_wconf 90' lang='lat' dir='ltr'><strong>ope.</strong></span> <span class='ocrx_word' id='word_1_267' title='bbox 437 3323 506 3381; x_wconf 86' lang='lat' dir='ltr'><strong>Pal</strong></span> <span class='ocrx_word' id='word_1_268' title='bbox 525 3335 611 3399; x_wconf 83' lang='lat'><strong>1709.</strong></span> 
     </span>
    </p>

    <p class='ocr_par' dir='ltr' id='par_1_11' title="bbox 161 3402 1312 3872">
     <span class='ocr_line' id='line_1_37' title="bbox 205 3402 1312 3482; baseline 0 -20"><span class='ocrx_word' id='word_1_269' title='bbox 205 3424 272 3479; x_wconf 85' lang='lat'><strong>331</strong></span> <span class='ocrx_word' id='word_1_270' title='bbox 294 3404 407 3482; x_wconf 89' lang='lat' dir='ltr'><strong>thue</strong></span> <span class='ocrx_word' id='word_1_271' title='bbox 427 3406 480 3464; x_wconf 93' lang='lat' dir='ltr'><strong>uel</strong></span> <span class='ocrx_word' id='word_1_272' title='bbox 498 3405 716 3481; x_wconf 86' lang='lat' dir='ltr'><strong>Eurydamas</strong></span> <span class='ocrx_word' id='word_1_273' title='bbox 799 3402 973 3463; x_wconf 88' lang='lat' dir='ltr'><strong>Euridamas</strong></span> <span class='ocrx_word' id='word_1_274' title='bbox 1010 3403 1117 3463; x_wconf 90' lang='lat' dir='ltr'><strong>occidit</strong></span> <span class='ocrx_word' id='word_1_275' title='bbox 1159 3404 1312 3463; x_wconf 88' lang='lat' dir='ltr'><strong>inimicum</strong></span> 
     </span>
     <span class='ocr_line' id='line_1_38' title="bbox 161 3485 1311 3551; baseline 0.002 -7"><span class='ocrx_word' id='word_1_276' title='bbox 161 3485 335 3546; x_wconf 89' lang='lat' dir='ltr'><strong>Euridamas</strong></span> <span class='ocrx_word' id='word_1_277' title='bbox 363 3497 393 3546; x_wconf 92' lang='lat' dir='ltr'><strong>et</strong></span> <span class='ocrx_word' id='word_1_278' title='bbox 420 3487 615 3545; x_wconf 88' lang='lat' dir='ltr'><strong>Thrasillus</strong></span> <span class='ocrx_word' id='word_1_279' title='bbox 608 3487 717 3546; x_wconf 72' lang='lat' dir='ltr'><strong>inimici</strong></span> <span class='ocrx_word' id='word_1_280' title='bbox 758 3503 844 3544; x_wconf 88' lang='lat' dir='ltr'><strong>suum</strong></span> <span class='ocrx_word' id='word_1_281' title='bbox 882 3485 1060 3545; x_wconf 87' lang='lat' dir='ltr'><strong>Thrasillum</strong></span> <span class='ocrx_word' id='word_1_282' title='bbox 1099 3486 1178 3545; x_wconf 93' lang='lat' dir='ltr'><strong>unde</strong></span> <span class='ocrx_word' id='word_1_283' title='bbox 1214 3487 1311 3551; x_wconf 89' lang='lat' dir='ltr'><strong>Micus</strong></span> 
     </span>
     <span class='ocr_line' id='line_1_39' title="bbox 161 3567 1311 3628; baseline 0.001 -3"><span class='ocrx_word' id='word_1_284' title='bbox 161 3568 326 3628; x_wconf 89' lang='lat' dir='ltr'><strong>adinuicem</strong></span> <span class='ocrx_word' id='word_1_285' title='bbox 361 3569 492 3627; x_wconf 89' lang='lat' dir='ltr'><strong>fuerunt:</strong></span> <span class='ocrx_word' id='word_1_286' title='bbox 530 3567 582 3626; x_wconf 88' lang='lat' dir='ltr'><strong>sed</strong></span> <span class='ocrx_word' id='word_1_287' title='bbox 615 3567 716 3626; x_wconf 91' lang='lat' dir='ltr'><strong>Limus</strong></span> <span class='ocrx_word' id='word_1_288' title='bbox 757 3567 935 3626; x_wconf 91' lang='lat' dir='ltr'><strong>Larisseus&#39;</strong></span> <span class='ocrx_word' id='word_1_289' title='bbox 928 3586 958 3626; x_wconf 90' lang='lat' dir='ltr'><strong>rn</strong></span> <span class='ocrx_word' id='word_1_290' title='bbox 979 3567 1137 3626; x_wconf 87' lang='lat' dir='ltr'><strong>uindictam</strong></span> <span class='ocrx_word' id='word_1_291' title='bbox 1159 3569 1245 3628; x_wconf 91' lang='lat' dir='ltr'><strong>amici</strong></span> <span class='ocrx_word' id='word_1_292' title='bbox 1267 3569 1311 3627; x_wconf 87' lang='lat' dir='ltr'><strong>sui</strong></span> 
     </span>
     <span class='ocr_line' id='line_1_40' title="bbox 161 3647 1311 3709; baseline 0.002 -3"><span class='ocrx_word' id='word_1_293' title='bbox 161 3647 312 3708; x_wconf 90' lang='lat' dir='ltr'><strong>Larisseus</strong></span> <span class='ocrx_word' id='word_1_294' title='bbox 341 3651 452 3708; x_wconf 89' lang='lat' dir='ltr'><strong>amicus</strong></span> <span class='ocrx_word' id='word_1_295' title='bbox 481 3649 619 3708; x_wconf 88' lang='lat' dir='ltr'><strong>Thrasilli</strong></span> <span class='ocrx_word' id='word_1_296' title='bbox 646 3649 714 3708; x_wconf 83' lang='lat' dir='ltr'><strong>Eu&#39;r.</strong></span> <span class='ocrx_word' id='word_1_297' title='bbox 758 3649 894 3708; x_wconf 89' lang='lat' dir='ltr'><strong>Thrasilli</strong></span> <span class='ocrx_word' id='word_1_298' title='bbox 929 3650 1036 3708; x_wconf 93' lang='lat' dir='ltr'><strong>occidit</strong></span> <span class='ocrx_word' id='word_1_299' title='bbox 1070 3649 1311 3709; x_wconf 88' lang='lat' dir='ltr'><strong>Euridamautem</strong></span> 
     </span>
     <span class='ocr_line' id='line_1_41' title="bbox 161 3730 1311 3791; baseline 0.004 -5"><span class='ocrx_word' id='word_1_300' title='bbox 161 3730 309 3791; x_wconf 87' lang='lat' dir='ltr'><strong>interfecit.</strong></span> <span class='ocrx_word' id='word_1_301' title='bbox 352 3731 449 3790; x_wconf 82' lang='lat' dir='ltr'><strong>*Vnde</strong></span> <span class='ocrx_word' id='word_1_302' title='bbox 467 3730 598 3790; x_wconf 67' lang='lat' dir='ltr'><strong>Dareus:</strong></span> <span class='ocrx_word' id='word_1_303' title='bbox 623 3731 715 3789; x_wconf 81' lang='lat' dir='ltr'><strong>Euri·</strong></span> <span class='ocrx_word' id='word_1_304' title='bbox 757 3740 786 3789; x_wconf 91' lang='lat' dir='ltr'><strong>et</strong></span> <span class='ocrx_word' id='word_1_305' title='bbox 812 3732 943 3790; x_wconf 88' lang='lat' dir='ltr'><strong>occisum</strong></span> <span class='ocrx_word' id='word_1_306' title='bbox 972 3730 1057 3789; x_wconf 84' lang='lat' dir='ltr'><strong>traxit</strong></span> <span class='ocrx_word' id='word_1_307' title='bbox 1084 3731 1194 3791; x_wconf 91' lang='lat' dir='ltr'><strong>circum</strong></span> <span class='ocrx_word' id='word_1_308' title='bbox 1226 3734 1311 3791; x_wconf 83' lang='lat' dir='ltr'><strong>busta</strong></span> 
     </span>
     <span class='ocr_line' id='line_1_42' title="bbox 161 3810 1037 3872; baseline 0.002 -3"><span class='ocrx_word' id='word_1_309' title='bbox 161 3812 258 3870; x_wconf 81' lang='lat' dir='ltr'><strong>damas</strong></span> <span class='ocrx_word' id='word_1_310' title='bbox 285 3817 390 3872; x_wconf 78' lang='lat' dir='ltr'><strong>tractus</strong></span> <span class='ocrx_word' id='word_1_311' title='bbox 420 3821 462 3872; x_wconf 81' lang='lat' dir='ltr'><strong>ter</strong></span> <span class='ocrx_word' id='word_1_312' title='bbox 496 3815 600 3872; x_wconf 82' lang='lat' dir='ltr'><strong>circum</strong></span> <span class='ocrx_word' id='word_1_313' title='bbox 636 3813 715 3871; x_wconf 83' lang='lat' dir='ltr'><strong>busta</strong></span> <span class='ocrx_word' id='word_1_314' title='bbox 756 3811 898 3872; x_wconf 87' lang='lat' dir='ltr'><strong>Thrasilli.</strong></span> <span class='ocrx_word' id='word_1_315' title='bbox 938 3810 1037 3871; x_wconf 85' lang='lat' dir='ltr'><strong>Mure.</strong></span> 
     </span>
    </p>
   </div>
   <div class='ocr_carea' id='block_1_3' title="bbox 159 4002 1310 4563">
    <p class='ocr_par' dir='ltr' id='par_1_12' title="bbox 159 4002 1310 4495">
     <span class='ocr_line' id='line_1_43' title="bbox 199 4002 1310 4073; baseline 0.001 -20"><span class='ocrx_word' id='word_1_316' title='bbox 199 4019 258 4068; x_wconf 85' lang='lat'><strong>3²9·</strong></span> <span class='ocrx_word' id='word_1_317' title='bbox 277 4002 393 4057; x_wconf 74' lang='lat' dir='ltr'><strong>Hertoma</strong></span> <span class='ocrx_word' id='word_1_318' title='bbox 405 4006 517 4071; x_wconf 79' lang='lat' dir='ltr'><strong>confusa</strong></span> <span class='ocrx_word' id='word_1_319' title='bbox 530 4006 574 4057; x_wconf 85' lang='lat' dir='ltr'><strong>sed</strong></span> <span class='ocrx_word' id='word_1_320' title='bbox 584 4015 669 4073; x_wconf 83' lang='lat' dir='ltr'><strong>uts</strong></span> <span class='ocrx_word' id='word_1_321' title='bbox 669 4005 749 4056; x_wconf 83' lang='lat' dir='ltr'><strong>ersmt</strong></span> <span class='ocrx_word' id='word_1_322' title='bbox 750 4005 909 4073; x_wconf 80' lang='lat' dir='ltr'><strong>fragmenta</strong></span> <span class='ocrx_word' id='word_1_323' title='bbox 922 4003 977 4056; x_wconf 81' lang='lat' dir='ltr'><strong>ueri</strong></span> <span class='ocrx_word' id='word_1_324' title='bbox 1005 4002 1192 4055; x_wconf 80' lang='lat' dir='ltr'><strong>metridateG</strong></span> <span class='ocrx_word' id='word_1_325' title='bbox 1202 4002 1310 4057; x_wconf 82' lang='lat' dir='ltr'><strong>CMure</strong></span> 
     </span>
     <span class='ocr_line' id='line_1_44' title="bbox 160 4072 1309 4147; baseline 0.001 -22"><span class='ocrx_word' id='word_1_326' title='bbox 160 4072 353 4147; x_wconf 89' lang='lat' dir='ltr'><strong>phagonumC</strong></span> <span class='ocrx_word' id='word_1_327' title='bbox 421 4076 629 4129; x_wconf 86' lang='lat' dir='ltr'><strong>soceroGAsk.</strong></span> <span class='ocrx_word' id='word_1_328' title='bbox 708 4075 823 4126; x_wconf 90' lang='lat' dir='ltr'><strong>insulam</strong></span> <span class='ocrx_word' id='word_1_329' title='bbox 836 4074 902 4126; x_wconf 86' lang='lat' dir='ltr'><strong>Ask.</strong></span> <span class='ocrx_word' id='word_1_330' title='bbox 973 4073 1129 4138; x_wconf 86' lang='lat' dir='ltr'><strong>anchigenis</strong></span> <span class='ocrx_word' id='word_1_331' title='bbox 1142 4073 1206 4124; x_wconf 87' lang='lat' dir='ltr'><strong>Ask.</strong></span> <span class='ocrx_word' id='word_1_332' title='bbox 1279 4079 1309 4126; x_wconf 89' lang='lat' dir='ltr'><strong>et</strong></span> 
     </span>
     <span class='ocr_line' id='line_1_45' title="bbox 162 4142 1310 4224; baseline 0.002 -29"><span class='ocrx_word' id='word_1_333' title='bbox 162 4150 258 4196; x_wconf 89' lang='lat' dir='ltr'><strong>—erat</strong></span> <span class='ocrx_word' id='word_1_334' title='bbox 270 4163 320 4196; x_wconf 86' lang='lat' dir='ltr'><strong>om</strong></span> <span class='ocrx_word' id='word_1_335' title='bbox 332 4146 397 4198; x_wconf 86' lang='lat' dir='ltr'><strong>Ask.</strong></span> <span class='ocrx_word' id='word_1_336' title='bbox 484 4145 630 4199; x_wconf 85' lang='lat' dir='ltr'><strong>fauoranus</strong></span> <span class='ocrx_word' id='word_1_337' title='bbox 642 4147 724 4198; x_wconf 77' lang='lat' dir='ltr'><strong>ettam</strong></span> <span class='ocrx_word' id='word_1_338' title='bbox 735 4146 799 4198; x_wconf 89' lang='lat' dir='ltr'><strong>Ask</strong></span> <span class='ocrx_word' id='word_1_339' title='bbox 889 4142 1032 4210; x_wconf 89' lang='lat' dir='ltr'><strong>cibiqueG</strong></span> <span class='ocrx_word' id='word_1_340' title='bbox 1113 4143 1229 4224; x_wconf 83' lang='lat' dir='ltr'><strong>ciboque</strong></span> <span class='ocrx_word' id='word_1_341' title='bbox 1242 4145 1310 4197; x_wconf 86' lang='lat' dir='ltr'><strong>Ash.</strong></span> 
     </span>
     <span class='ocr_line' id='line_1_46' title="bbox 161 4211 1309 4284; baseline 0 -18"><span class='ocrx_word' id='word_1_342' title='bbox 161 4213 213 4267; x_wconf 88' lang='lat' dir='ltr'><strong>hac</strong></span> <span class='ocrx_word' id='word_1_343' title='bbox 226 4230 336 4283; x_wconf 90' lang='lat' dir='ltr'><strong>quoque</strong></span> <span class='ocrx_word' id='word_1_344' title='bbox 348 4220 439 4267; x_wconf 89' lang='lat' dir='ltr'><strong>morte</strong></span> <span class='ocrx_word' id='word_1_345' title='bbox 454 4217 544 4269; x_wconf 76' lang='lat' dir='ltr'><strong>Ash-</strong></span> <span class='ocrx_word' id='word_1_346' title='bbox 589 4215 728 4268; x_wconf 88' lang='lat' dir='ltr'><strong>mitridate</strong></span> <span class='ocrx_word' id='word_1_347' title='bbox 740 4216 802 4284; x_wconf 78' lang='lat' dir='ltr'><strong>Reg.</strong></span> <span class='ocrx_word' id='word_1_348' title='bbox 873 4213 907 4266; x_wconf 89' lang='lat' dir='ltr'><strong>ab</strong></span> <span class='ocrx_word' id='word_1_349' title='bbox 919 4213 1044 4266; x_wconf 89' lang='lat' dir='ltr'><strong>amastris</strong></span> <span class='ocrx_word' id='word_1_350' title='bbox 1056 4211 1109 4265; x_wconf 86' lang='lat' dir='ltr'><strong>filia</strong></span> <span class='ocrx_word' id='word_1_351' title='bbox 1120 4213 1232 4266; x_wconf 85' lang='lat' dir='ltr'><strong>oxiartis</strong></span> <span class='ocrx_word' id='word_1_352' title='bbox 1245 4214 1309 4283; x_wconf 87' lang='lat' dir='ltr'><strong>Reg.</strong></span> 
     </span>
     <span class='ocr_line' id='line_1_47' title="bbox 161 4282 1310 4349; baseline 0.001 -13"><span class='ocrx_word' id='word_1_353' title='bbox 161 4286 206 4336; x_wconf 85' lang='lat' dir='ltr'><strong>Ex</strong></span> <span class='ocrx_word' id='word_1_354' title='bbox 231 4286 308 4338; x_wconf 83' lang='lat' dir='ltr'><strong>Bern.</strong></span> <span class='ocrx_word' id='word_1_355' title='bbox 328 4301 377 4349; x_wconf 90' lang='lat'><strong>711</strong></span> <span class='ocrx_word' id='word_1_356' title='bbox 401 4286 538 4340; x_wconf 86' lang='lat' dir='ltr'><strong>Merkelius</strong></span> <span class='ocrx_word' id='word_1_357' title='bbox 561 4297 680 4340; x_wconf 81' lang='lat' dir='ltr'><strong>enotarat</strong></span> <span class='ocrx_word' id='word_1_358' title='bbox 704 4286 833 4339; x_wconf 91' lang='lat' dir='ltr'><strong>Lenneus</strong></span> <span class='ocrx_word' id='word_1_359' title='bbox 853 4300 902 4336; x_wconf 87' lang='lat' dir='ltr'><strong>rex</strong></span> <span class='ocrx_word' id='word_1_360' title='bbox 924 4282 1098 4337; x_wconf 87' lang='lat' dir='ltr'><strong>amastricum</strong></span> <span class='ocrx_word' id='word_1_361' title='bbox 1122 4300 1139 4336; x_wconf 85' lang='lat' dir='ltr'><strong>a</strong></span> <span class='ocrx_word' id='word_1_362' title='bbox 1162 4283 1310 4337; x_wconf 87' lang='lat' dir='ltr'><strong>metridate</strong></span> 
     </span>
     <span class='ocr_line' id='line_1_48' title="bbox 159 4352 1309 4426; baseline 0.001 -18"><span class='ocrx_word' id='word_1_363' title='bbox 159 4355 249 4424; x_wconf 90' lang='lat' dir='ltr'><strong>paphl</strong></span> <span class='ocrx_word' id='word_1_364' title='bbox 262 4372 327 4423; x_wconf 86' lang='lat' dir='ltr'><strong>rege</strong></span> <span class='ocrx_word' id='word_1_365' title='bbox 339 4373 436 4409; x_wconf 88' lang='lat' dir='ltr'><strong>socero</strong></span> <span class='ocrx_word' id='word_1_366' title='bbox 448 4357 573 4410; x_wconf 88' lang='lat' dir='ltr'><strong>achillis&#39;</strong></span> <span class='ocrx_word' id='word_1_367' title='bbox 566 4373 594 4409; x_wconf 87' lang='lat' dir='ltr'><strong>ur</strong></span> <span class='ocrx_word' id='word_1_368' title='bbox 608 4357 693 4410; x_wconf 89' lang='lat' dir='ltr'><strong>insula</strong></span> <span class='ocrx_word' id='word_1_369' title='bbox 704 4362 791 4426; x_wconf 90' lang='lat' dir='ltr'><strong>ponto</strong></span> <span class='ocrx_word' id='word_1_370' title='bbox 803 4355 875 4408; x_wconf 90' lang='lat' dir='ltr'><strong>solus</strong></span> <span class='ocrx_word' id='word_1_371' title='bbox 887 4360 929 4408; x_wconf 90' lang='lat' dir='ltr'><strong>est</strong></span> <span class='ocrx_word' id='word_1_372' title='bbox 942 4354 1054 4407; x_wconf 88' lang='lat' dir='ltr'><strong>relictus</strong></span> <span class='ocrx_word' id='word_1_373' title='bbox 1066 4354 1139 4407; x_wconf 91' lang='lat' dir='ltr'><strong>unde</strong></span> <span class='ocrx_word' id='word_1_374' title='bbox 1151 4352 1309 4409; x_wconf 86' lang='lat' dir='ltr'><strong>fanoxsinus</strong></span> 
     </span>
     <span class='ocr_line' id='line_1_49' title="bbox 159 4427 488 4495; baseline -0.009 -13"><span class='ocrx_word' id='word_1_375' title='bbox 159 4447 216 4482; x_wconf 83' lang='lat' dir='ltr'><strong>cum</strong></span> <span class='ocrx_word' id='word_1_376' title='bbox 229 4427 334 4482; x_wconf 84' lang='lat' dir='ltr'><strong>disticho</strong></span> <span class='ocrx_word' id='word_1_377' title='bbox 347 4448 396 4482; x_wconf 90' lang='lat' dir='ltr'><strong>om.</strong></span> <span class='ocrx_word' id='word_1_378' title='bbox 408 4428 488 4495; x_wconf 82' lang='lat' dir='ltr'><strong>perit</strong></span> 
     </span>
    </p>

    <p class='ocr_par' dir='ltr' id='par_1_13' title="bbox 198 4464 1310 4563">
     <span class='ocr_line' id='line_1_50' title="bbox 198 4464 1310 4563; baseline 0.003 -13"><span class='ocrx_word' id='word_1_379' title='bbox 198 4515 257 4563; x_wconf 83' lang='lat'><strong>331.</strong></span> <span class='ocrx_word' id='word_1_380' title='bbox 275 4499 432 4553; x_wconf 85' lang='lat' dir='ltr'><strong>eurrdamas</strong></span> <span class='ocrx_word' id='word_1_381' title='bbox 441 4505 470 4552; x_wconf 88' lang='lat' dir='ltr'><strong>et</strong></span> <span class='ocrx_word' id='word_1_382' title='bbox 483 4498 626 4553; x_wconf 87' lang='lat' dir='ltr'><strong>trasilusG</strong></span> <span class='ocrx_word' id='word_1_383' title='bbox 664 4497 785 4554; x_wconf 86' lang='lat' dir='ltr'><strong>trasiliG</strong></span> <span class='ocrx_word' id='word_1_384' title='bbox 824 4495 897 4552; x_wconf 85' lang='lat' dir='ltr'><strong>Num</strong></span> <span class='ocrx_word' id='word_1_385' title='bbox 910 4464 1066 4551; x_wconf 81' lang='lat' dir='ltr'><strong>Tharsillo?</strong></span> <span class='ocrx_word' id='word_1_386' title='bbox 1110 4496 1310 4553; x_wconf 83' lang='lat' dir='ltr'><strong>tracsilliMure</strong></span> 
     </span>
    </p>
   </div>
   <div class='ocr_carea' id='block_1_4' title="bbox 0 0 1568 4980">
    <p class='ocr_par' dir='ltr' id='par_1_14' title="bbox 0 0 1568 4980">
     <span class='ocr_line' id='line_1_51' title="bbox 0 0 1568 4980; baseline 0 1"><span class='ocrx_word' id='word_1_387' title='bbox 0 0 1568 4980; x_wconf 95' lang='lat' dir='ltr'><strong> </strong></span> 
     </span>
    </p>
   </div>
  </div>
 </body>
</html>
