3038 4988
160 381 216 437 128
566 372 912 434 COMMENTARIVS.

155 535 247 604 μορφὰ
265 534 295 587 τὸ
312 533 393 588 πάλαι
413 531 519 602 θράσος
539 530 629 584 ἆδ”
615 531 746 601 αγέρωχος
765 529 859 584 Λύσσα
878 530 919 583 καὶ
937 530 965 583 έν
982 529 1081 611 χαλκῷ
1090 531 1157 582 κεῖνο
1176 531 1207 582 τὸ
1225 532 1319 597 πικρὸν

157 607 212 675 ἔχει
233 605 338 686 3111133
360 621 423 657 esse
444 604 604 667 disparem
626 607 753 657 cultum.
794 604 901 656 Contra
924 600 1081 682 Heynius
1074 618 1103 654 13
1125 603 1256 655 Excursu
1280 603 1318 656 ad

156 678 228 730 Aen.
249 674 295 730 vii.
317 675 370 743 689
389 673 604 742 μονοκρηπῖδα
582 691 623 728 513
642 673 841 742 interpretatus
862 682 904 726 est
925 671 1005 742 quasi
1025 689 1082 725 uno
1104 681 1216 726 tantum
1235 689 1317 727 crure

156 757 271 801 ocreato
299 745 380 799 fuerit
410 746 553 813 Lycurgus
571 755 670 826 ‘atque
702 744 767 797 ideo
797 742 907 797 facilius
940 742 1019 796 alteri
1046 744 1147 796 falcem
1174 743 1316 798 inflixerit.

156 821 226 872 347.
245 820 368 871 Oetaeo.
402 815 517 871 Herculi
531 815 578 885 qui
592 815 620 868 in
635 817 818 869 0313133313
831 812 921 882 4131111
960 815 1095 866 Furorem
1111 814 1243 867 Herculis
1258 832 1316 867 non

156 905 221 941 eum
242 886 381 967 intelligo
390 903 446 955 quo
466 896 610 955 correptus
632 885 739 939 Lichan
762 903 796 938 ex
816 887 890 938 Oeta
909 883 1021 951 deiecit,
1040 884 1091 937 sed
1113 884 1314 954 prioremque

157 957 305 1012 instinctus
324 957 432 1025 regiam
451 957 557 1010 Thebis
578 967 724 1026 tamquam
745 958 884 1025 Mycenae
901 965 996 1008 essent
1009 925 1160 1008 demolitus
1178 965 1230 1021 est,
1249 973 1315 1008 mox

156 1029 260 1082 liberos
274 1038 302 1081 et
315 1045 431 1081 uxorem
446 1029 593 1096 Megaram
613 1026 760 1080 interfecit.
799 1027 938 1079 Fabulam
956 1036 1104 1079 narrarunt
1118 996 1293 1094 Euripides
1286 1044 1314 1079 13

156 1096 282 1167 Ηρακλεῖ
298 1099 458 1179 Μυινομίυῳ,
478 1097 613 1152 Seneca
606 1115 635 1150 m
650 1099 772 1151 Hercule
786 1099 916 1150 Furente.
948 1112 1123 1161 generoque
1139 1100 1315 1151 draconum

156 1168 331 1235 Α1113133311,
345 1168 389 1222 331
409 1168 503 1236 nupsit
525 1171 577 1222 Ino
596 1168 654 1222 filia
673 1168 774 1222 Cadmi
794 1177 821 1221 et
842 1167 1024 1220 Harmoniae.
1073 1167 1130 1221 Hic
1149 1168 1184 1220 ab
1205 1169 1316 1220 Iunone

155 1241 271 1293 1111311111
284 1239 659 1320 obtectaLearchumfilzum
672 1240 812 1320 interficit
825 1240 938 1327 Hyg.2.
976 1237 1074 1292 Fast.
1064 1255 1101 1292 1v.
1115 1239 1175 1305 489.
1242 1242 1314 1294 348.

156 1313 375 1399 Tisamenique
395 1314 480 1374 patri
501 1310 603 1364 Oresti.
634 1309 748 1364 Paus.'
731 1328 757 1364 n.
776 1311 815 1363 18.
828 1307 864 1362 6’
866 1307 984 1403 Ορέστου
1005 1309 1033 1361 δὲ
1055 1308 1263 1363 ἀποθανόντος
1249 1331 1314 1378 εσχε

156 1382 299 1446 Τισάμενος
316 1381 362 1448 τὴν
380 1380 462 1450 ἀρχὴν
478 1378 613 1450 Ἑρμιόνης
629 1402 675 1447 της
693 1382 825 1433 Μενελάου
845 1381 885 1432 καὶ
903 1377 1030 1446 Ὀρέστου
1048 1382 1114 1432 παῖς.
1146 1378 1313 1447 (Micyllus)

157 1455 395 1515 Callirhoesque
407 1455 487 1505 uiro.
518 1451 692 1514 Alcmaeoni,
706 1468 753 1520 qur
746 1450 921 1518 'Eriphylae
939 1449 1037 1503 matris
1056 1449 1221 1503 interfectae
1234 1450 1314 1504 furiis

156 1534 236 1577 actus
250 1540 284 1575 ex
303 1522 385 1589 Argis
403 1521 551 1591 profugit
545 1539 573 1575 m
592 1491 745 1575 Arcadiam
762 1532 790 1576 et
810 1520 876 1574 inde
896 1520 933 1574 ad
949 1522 1115 1587 Acheloum,
1129 1520 1176 1573 ubi
1186 1521 1314 1601 resipuit

156 1604 184 1648 et
208 1593 327 1647 Acheloi
353 1592 439 1645 11113111
466 1592 626 1646 Callirhoen
645 1593 723 1646 duxit
749 1595 832 1646 Paus.
849 1591 908 1673 yiii.
927 1606 969 1657 24.
989 1606 1014 1659 4,
1033 1590 1191 1659 Apollod.
1185 1591 1223 1644 111.
1241 1605 1266 1657 7
1291 1605 1313 1660 5.

157 1664 251 1717 Aliam
280 1663 440 1717 Callirhoen
471 1673 609 1717 memorat
642 1663 798 1717 Pausanias
829 1661 874 1716 vii.
903 1677 935 1715 21
967 1662 1012 1730 (cf.
1044 1662 1201 1715 Buecheler
1237 1665 1312 1717 Mus

117 1797 119 1801 ,
158 1737 249 1788 Rhen.
273 1752 297 1788 a
325 1735 399 1802 1879,
430 1752 457 1803 p.
478 1733 539 1801 347)
578 1751 663 1804 quam
687 1736 808 1788 Coresus
833 1733 966 1787 sacerdos
992 1732 1097 1786 Bacchi
1123 1749 1188 1785 cum
1211 1733 1315 1787 frustra

158 1816 266 1859 amaret
291 1822 325 1858 33
354 1805 431 1858 13533
461 1805 565 1858 3133311
593 1804 743 1858 Dodonaei
768 1821 819 1874 pro
845 1803 1017 1872 Calydoniis,
1042 1803 1144 1883 14311135
1169 1803 1216 1856 hic
1241 1804 1314 1858 deus

156 1876 284 1957 diuinum
302 1876 424 1929 furorem
444 1874 606 1943 immiserat,
626 1875 663 1929 ad
682 1893 761 1929 aram
780 1875 888 1929 uideret
906 1874 971 1928 duci
990 1884 1020 1928 ut
1039 1891 1056 1927 a
1075 1891 1105 1927 se
1124 1873 1187 1942 ipso
1205 1884 1314 1928 macta-

156 1958 240 2015 retur,
262 1946 323 2015 ipse
346 1963 397 2000 sua
418 1963 504 2000 manu
526 1946 597 1999 mori
616 1946 721 2000 maluit.
761 1945 818 2000 Sed
839 1945 973 1999 Ouidium
990 1945 1025 1998 de
1041 1945 1216 1998 Alcmaeone
1235 1945 1314 2024 loqui

157 2028 236 2086 patet
255 2035 290 2070 ex
309 2017 400 2071 Plauti
421 2017 527 2086 Capt.
521 2017 559 2071 111.
578 2032 601 2083 4.
623 2032 658 2084 30
676 2017 723 2070 ubi
747 2018 890 2086 Lycurgus
908 2017 1064 2069 Alcmaeon
1088 2016 1204 2068 Orestes
1227 2015 1314 2069 simili

157 2088 243 2141 modo
262 2086 476 2156 coniunguntur.
564 2091 634 2141 349.
653 2087 824 2142 metrone‘
834 2104 852 2141 a
870 2088 999 2140 consort'
1018 2086 1070 2141 i..e
1089 2103 1158 2139 uxor
1175 2084 1314 2141 adiuncta

156 2159 272 2213 notione
291 2158 436 2226 dignitatis
454 2158 675 2228 sanctitatisque.
715 2161 782 2212 Her
797 2177 821 2212 v.
836 2160 869 2225 83
882 2159 949 2211 Non
966 2164 1059 2211 tamen
1075 2163 1147 2211 ut..
1162 2158 1315 2210 ,1111111133

152 2231 261 2297 fuerim
285 2229 492 2283 dissimulanda
517 2246 616 2283 11111111
652 2230 806 2299 Dignaque
828 2246 892 2282 sum
916 2235 943 2282 et
966 2230 1048 2297 cupio
1064 2229 1137 2298 fieri
1158 2237 1314 2282 matrona

145 2301 285 2388 potentis.
374 2303 534 2392 3533113
554 2300 671 2368 Aegiale
694 2318 779 2354 uxore
803 2299 959 2353 Diomedis,
998 2301 1088 2352 Tzetz.
1110 2298 1147 2352 ad
1170 2298 1236 2366 Lyc.
1259 2299 1314 2352 610

157 2371 191 2425 ὡς
212 2370 358 2439 Μίμνερμος
379 2370 489 2439 λέγει,
478 2373 527 2425 υπὸ
547 2371 690 2456 Διομήδους
709 2370 870 2440 τρωθεῖσα’
858 2393 873 2437 η
896 2368 1047 2438 Ἀφροδίτη,
1067 2367 1248 2456 παρεσκεύασε
1267 2369 1315 2436 τὴν

157 2441 306 2531 Αἶμάλειμν
318 2442 471 2495 πολλοῖς
440 2463 487 2508 μεν
498 2463 599 2532 μοιχοις
610 2443 782 2510 μοιχευθῆναι·
809 2440 1010 2510 συγκοιμηθῐηναι
1024 2441 1052 2493 δέ
1064 2442 1105 2492 καὶ
1117 2439 1153 2510 τῷ
1164 2437 1314 2511 Ἱππολύτῳ

157 2513 198 2565 καὶ
211 2510 314 2579 Κομὴτη
334 2532 369 2581 τῳ
357 2510 551 2564 Σθενέλου(
527 2513 582 2583 υιῶ.
620 2513 697 2566 Hinc
711 2512 879 2581 Lycophron
892 2511 963 2564 612‘l
965 2519 1035 2564 Οταν
1052 2492 1180 2580 θρασεῖα
1200 2493 1315 2578 θουρὰς

158 2563 623 2663 οἷστρησρκὺωνΠρὸςλέκτρα.
722 2587 787 2636 351.
807 2586 964 2646 Quaeque.
1001 2583 1045 2634 Ex
1059 2583 1190 2649 Polyaen.
1205 2580 1263 2634 viii
1280 2594 1312 2649 57

157 2652 264 2721 primus
294 2653 460 2721 interpretor
488 2653 525 2706 de
549 2654 669 2708 Arsinoe
701 2653 872 2735 Lysimachi,
896 2670 962 2706 mox
992 2651 1146 2706 Ptolemaei
1179 2651 1312 2719 Cerauni,

157 2733 300 2792 postremo
320 2724 474 2805 Ptolemaei
488 2723 666 2794 Philadelphi
680 2725 806 2793 coniuge,
820 2742 893 2794 quae
909 2734 939 2777 ut
953 2722 1063 2777 Seleuci
1076 2723 1179 2776 milites
1193 2722 1312 2790 fugeret,

158 2794 265 2862 Ephesi
288 2794 408 2862 moenia,
428 2811 484 2864 quo
504 2796 675 2864 confugerat,
695 2796 880 2863 destruentes,
902 2794 1034 2848 ancillam
1054 2793 1140 2862 regali
1165 2803 1245 2846 ueste
1269 2793 1312 2846 in-

157 2865 256 2918 dutam
281 2865 397 2920 lecticae
416 2865 526 2933 indidit,
549 2866 739 2936 satellitesque
765 2836 965 2931 circumdedit;
971 2881 1043 2957 aquo
1068 2862 1186 2918 artificio
1206 2863 1312 2918 ancilla

158 2953 294 3005 oppressa
307 2947 358 3004 est,
371 2936 491 2990 Arsinoe
505 2937 635 3026 effugit.
637 2937 759 3006 Ἀρσινόη
772 2937 925 3005 Λυσιμάχου
937 2958 983 2989 του
971 2935 1088 3027 άνδρρς
1099 2932 1312 3001 τελευτήσαντος,

156 3008 271 3076 μεγάλης
289 3009 402 3098 ταραχῆς
423 3010 520 3096 οὔσης
523 3029 551 3059 εν
577 3009 707 3097 Εφέσιρ,
697 3009 737 3060 καὶ
755 3013 805 3061 τῶν
822 3007 1065 3100 ρελευκιζόντων
1038 3028 1070 3058 το
1088 3007 1160 3074 τείχη
1178 3007 1313 3067 καταβαλ·
1372 3016 1375 3021 “
1459 3059 1460 3068 ,

157 3079 256 3131 λόντων
278 3079 319 3131 καὶ
338 3079 383 3133 τὰς
404 3077 520 3132 πάλας’
506 3081 668 3147 ανοιγόντων,
685 3078 720 3134 εἷς
738 3080 784 3146 μὲν
802 3080 831 3132 τὸ
842 3079 959 3165 φορεῖον
976 3078 1005 3131 τὸ
1023 3077 1161 3141 βασιλικὸν
1179 3075 1312 3129 κατέκλινε

157 3148 311 3216 θεράπαιναν
319 3148 418 3215 στολὴν
426 3148 561 3237 περιθεισα
570 3149 718 3216 βασιλικην,
729 3150 769 3203 καὶ
777 3147 933 3236 περιέστησε
945 3148 1100 3202 πολλοὺς
1070 3169 1119 3200 των
1128 3147 1311 3201 ὑπασπιστῶν,

158 3219 220 3286 αὐτὴ
242 3220 270 3272 δέ
290 3217 515 3289 περιβαλομένη’
499 3220 574 3288 ράκια
595 3221 636 3273 καὶ
654 3241 819 3289 προσωπειον
840 3217 1027 3306 ε’ρρυπωμένον,
1049 3217 1135 3271 καθ’
1122 3218 1225 3306 ετέραν
1231 3215 1312 3286 θύραν

158 3289 253 3377 ε’ξηλθε
275 3293 347 3359 μόνη,
376 3292 416 3344 καὶ
441 3290 614 3358 δραμοῦσα’
600 3292 642 3345 επὶ
667 3292 712 3345 τὰς
736 3294 795 3345 ναῦς
813 3290 970 3344 ἀπέπλευσε,
1006 3289 1174 3355 Μενεκράτης,
1199 3309 1236 3342 εις
1260 3294 1312 3341 τῶν

157 3358 295 3447 ἡγεμόνων,
308 3383 344 3432 τῳ
333 3361 455 3431 φορείῳ
466 3362 627 3428 προσπεσὼν
639 3361 805 3428 κατεκέντησε
817 3361 862 3428 τ14ν
874 3360 1073 3426 θεράπαιναν,’
1049 3362 1161 3425 οιόμενος
1173 3356 1312 3429 Αρσινόην

157 3429 284 3498 φονευειν.
321 3413 392 3485 dum
410 3434 509 3486 fratre
527 3436 642 3486 mariti.
680 3432 873 3501 Philadelpho,
892 3432 977 3484 fratre
1000 3429 1155 3484 Ptolemaei
1178 3421 1310 3484 Cerauni.

160 3502 237 3553 Nam
255 3502 368 3581 31311433
390 3513 471 3571 pater
493 3504 672 3557 Ptolemaeus
698 3504 788 3570 Soter,
814 3503 865 3556 sed
890 3501 955 3554 111113
980 3520 1015 3554 ex
1039 3500 1190 3569 Eurydica,
1214 3499 1252 3553 illi
1276 3518 1311 3554 ex

159 3571 412 3626 Β31311133.Α1
405 3573 493 3642 ipsius
514 3573 653 3627 Arsinoae
674 3574 760 3627 frater
783 3573 835 3627 fuit
858 3572 1067 3641 Philadelphus,
1111 3570 1227 3636 Audio;
1258 3571 1311 3624 sed

149 3641 229 3694 ‚nihil
241 3643 296 3695 hoc
309 3642 346 3695 ad
359 3661 426 3696 rem
465 3645 561 3697 Nam
555 3662 583 3698 m
596 3662 630 3697 eo
643 3644 784 3712 flagitiosa
796 3645 916 3697 habetur
927 3643 1056 3710 Arsinoe,
1070 3659 1126 3694 non
1141 3642 1218 3711 quod
1231 3641 1310 3695 fratri

158 3711 254 3779 nupsit
278 3712 356 3781 (nam
378 3713 464 3767 etiam
488 3716 632 3769 Ceraunus
652 3716 738 3769 irater
757 3714 819 3782 1311)
840 3714 890 3768 5311
909 3714 986 3794 quod
1007 3723 1159 3793 postquam
1178 3714 1310 3766 Cerauno

158 3793 300 3851 nupserat,
320 3800 385 3837 cum
403 3783 485 3838 huius
510 3786 636 3839 nondum
658 3785 759 3839 mortui
781 3786 866 3839 fratre
889 3784 1074 3853 Philadelpho
1094 3783 1194 3837 iterum
1214 3783 1311 3837 matri·

159 3853 285 3934 monium
304 3854 377 3908 fecit.
469 3859 538 3910 352.
557 3861 666 3910 Locris
683 3856 804 3910 Arsinoe
824 3855 900 3910 dicta
922 3865 964 3909 est
986 3855 1072 3909 etiam
1094 3872 1112 3908 a
1133 3853 1311 3908 Callimacho

158 3923 187 3977 13
203 3926 292 3978 Coma
305 3925 463 3980 Berenices
495 3927 568 3981 Vide
581 3945 627 3981 me
640 3927 677 3980 ad
691 3929 751 3981 Cat.
765 3926 828 3981 lxvi.
845 3940 884 3995 54.
915 3930 1096 3980 1333311133
1109 3927 1311 3979 dissimulata

157 4012 240 4063 neae,
265 3996 361 4050 ‘when
382 3997 433 4051 she
457 3998 515 4051 had
539 3998 611 4052 been
634 3998 806 4067 disguised
800 4016 828 4051 1n
850 4001 898 4051 the
919 4015 1022 4066 person
1045 3997 1077 4049 of
1092 4013 1110 4049 a
1128 3996 1311 4063 slaughtered

158 4068 247 4121 maid·
249 4069 379 4136 servant,’
399 4069 425 4123 h.
438 4086 461 4122 e
484 4079 635 4138 postquam
655 4086 705 4137 per
726 4069 857 4123 ancillam
880 4079 1032 4136 personata
1052 4068 1141 4120 suerat
1161 4076 1311 4135 tamquam

157 4149 233 4192 esset
245 4109 374 4207 Arsinoe,
388 4149 415 4193 et
429 4139 469 4193 513
483 4140 535 4193 sub
548 4141 614 4193 ficta
632 4139 727 4209 specie
740 4150 857 4193 necatae
870 4139 1019 4192 incolumis
1032 4147 1168 4192 euaserat.
1202 4137 1311 4192 Similis

157 4226 224 4263 usus
237 4227 281 4278 ap.
295 4211 356 4264 Val.
372 4212 394 4263 F
397 4212 412 4264 1
427 4210 461 4264 vi.
479 4224 491 4278 5
495 4226 527 4279 33
544 4213 629 4291 itique
640 4212 687 4264 dei
697 4212 785 4264 latuit
796 4216 902 4264 terrore
913 4211 1022 4290 Lycaei.
1059 4211 1097 4263 Et
1110 4212 1312 4263 dissimulate

157 4291 233 4334 recte
255 4281 376 4335 dicitur:
405 4281 507 4335 ancilla
529 4282 605 4335 enim
626 4281 753 4362 reginam
775 4291 803 4334 et
825 4280 968 4334 simulauit
992 4281 1020 4333 h
1043 4298 1067 4334 e.
1092 4277 1255 4348 personauit
1281 4290 1310 4334 et

157 4350 345 4406 dissimulauit
363 4354 391 4406 h.
402 4371 424 4407 e.
445 4353 554 4406 celauit.
605 4351 793 4406 Menenium‘
787 4369 815 4404 13
834 4351 909 4405 bello
928 4350 1003 4405 ciuili
1021 4368 1118 4405 seruus
1136 4350 1236 4403 induta
1249 4349 1313 4406 31111

157 4432 236 4475 ueste
261 4432 289 4476 et
314 4423 443 4477 lecticam
465 4441 516 4492 pro
538 4440 572 4477 eo
596 4423 766 4477 inscendens
792 4422 832 4476 sic
854 4422 977 4476 seruauit
999 4425 1072 4491 App.
1094 4423 1128 4474 B.
1152 4420 1212 4474 C.
1206 4438 1242 4475 ιν.
1264 4437 1307 4512 44

155 4491 1312 4562 Α1131313131411.13Ε1133153311111111.353.1111311.Ας.6364υναικοπιστην
