3038 4988
455 361 456 364 ‘
511 386 858 448 contranimus.
1205 390 1263 448 ιιι

110 525 134 580 δ’
147 527 174 582 ἐν
186 529 274 599 δόμοις
286 529 355 601 εὕροι
367 534 456 600 μολὼν
468 533 504 588 de
518 535 751 604 Clytaemnestra.
820 536 889 588 354.
909 536 998 588 'I'alai
1009 549 1111 599 gener.
1143 533 1263 604 Amphi·
1362 579 1364 581 .

111 616 202 668 araus
224 601 268 655 uir
289 602 451 672 Eriphylae,
475 605 549 659 filiae
571 605 651 659 Talai
677 605 750 673 regis
772 604 950 673 Argiuorum.
987 605 1118 674 Apollod.
1138 604 1155 660 i.
1175 620 1199 674 9.
1222 620 1261 673 13.

109 673 267 735 Tyndarei
281 690 376 738 gener
388 677 594 743 Agamemnon,
608 675 651 729 uir
665 677 915 745 Clytaemnestrae.
985 678 1054 730 355.
1070 676 1151 746 Idem
1163 693 1262 730 uersus
1287 677 1291 713 ἵ

109 742 143 794 Α.
157 744 191 796 Α.
205 742 221 796 i.
237 756 279 810 73.
315 749 513 809 patruelibus
526 745 590 800 filiis
602 746 732 816 Aegypti.
766 747 805 800 M.
820 745 855 800 iv.
869 746 920 811 462
934 746 1092 816 Molirique
1102 748 1163 800 suis
1175 748 1263 801 letum

104 814 284 880 patruelibus
295 833 381 868 ausae
391 816 514 869 Assidue
526 821 662 886 repetunt,
675 834 747 886 quas
753 817 886 886 perdant,
899 817 1010 870 Belides
1022 818 1119 871 undas.
1192 821 1263 874 356.

109 886 238 937 assidua
254 901 344 953 aqua,
363 885 416 955 ‘by
428 896 559 941 constant
578 887 703 956 carriage
722 887 755 941 of
769 888 870 954 water‚’
883 903 987 956 aquam
1005 887 1119 941 assidue
1136 887 1262 955 ferendo,

109 969 173 1005 cum
195 954 292 1009 foratis
314 955 390 1010 umis
410 974 523 1026 semper
543 967 632 1011 exeat.
713 960 781 1012 357.
800 961 959 1022 Byblidos.
998 960 1075 1026 Hyg.
1093 972 1144 1024 243
1164 959 1263 1027 Byblis

108 1023 209 1077 Mileti
215 1027 285 1094 filia
298 1031 420 1096 propter
435 1045 558 1081 arnorem
572 1029 668 1082 Cauni
672 1028 784 1097 fratris
802 1030 864 1097 ipsa
881 1045 909 1081 se
921 1028 1067 1097 interfecit.
1106 1029 1146 1082 M.
1160 1027 1195 1084 ix.
1208 1044 1262 1097 449

108 1109 169 1162 sqq.
190 1096 321 1151 Parthen.
336 1099 415 1152 Erot.
428 1097 462 1152 xi.
500 1101 646 1153 Canaces.
680 1101 755 1167 Hyg.
769 1112 820 1167 243
841 1100 949 1153 Canace
965 1099 1053 1152 Aeoli
1059 1099 1129 1167 filia
1142 1103 1265 1169 propter

108 1181 230 1218 acuerem
248 1168 380 1222 Macarei
392 1170 503 1238 fratris
520 1171 583 1239 ipsa
607 1186 634 1222 se
655 1170 800 1239 interfecit.
850 1170 903 1223 Est
928 1169 1001 1223 inter
1021 1169 1163 1223 Heroides
1188 1169 1261 1238 epis-

108 1235 167 1288 tula
185 1237 312 1292 Canaces
332 1240 466 1293 Macareo
482 1239 540 1307 (xi).
577 1244 660 1294 sicut
677 1243 764 1294 faeie.
791 1241 830 1293 M.
844 1239 900 1294 xiii.
914 1252 963 1306 741
984 1241 1070 1309 thue
1079 1240 1166 1309 facit,
1181 1245 1262 1310 potes

107 1303 157 1385 lii's·
164 1307 271 1376 inpune
282 1326 392 1380 negare.
421 1311 502 1365 Pont.
512 1310 540 1364 ii.
550 1325 575 1378 3.
585 1312 620 1376 48
633 1312 809 1379 thuefaci's,
820 1311 899 1380 lapso
908 1328 994 1379 quam
1002 1314 1082 1379 potes
1092 1312 1164 1380 effu
1173 1315 1260 1380 opem.

107 1375 245 1432 Vsitatius
255 1379 353 1434 luisset
362 1382 435 1434 sicut
435 1381 520 1450 facit,
531 1391 667 1450 sequente
677 1382 783 1448 ardeat,
792 1391 821 1434 ut
831 1381 928 1434 M.xiv.
935 1396 983 1449 491
1000 1383 1077 1450 quod
1077 1383 1163 1452 soci't,
1171 1383 1263 1436 oderit

107 1462 201 1526 ornnes
209 1450 269 1503 Sub
281 1451 416 1505 Diomede
428 1453 514 1505 uiros.
552 1453 618 1504 Non
632 1451 788 1520 adstipulor
802 1451 940 1506 Merkelio
953 1455 1032 1506 faeie
1044 1451 1200 1520 genitiuum
1214 1470 1260 1506 ex-

107 1519 251 1574 istimanti.
324 1525 393 1576 358.
408 1525 450 1576 sit
466 1526 527 1576 tibi
538 1524 603 1576 fida
615 1521 769 1576 satisfaciat
783 1521 871 1576 amori
885 1539 970 1591 quem
982 1539 1062 1576 soror
1074 1522 1151 1576 iratri
1165 1523 1259 1591 debet,

108 1587 182 1640 ‘and
199 1607 285 1658 prove
304 1593 365 1647 that
384 1593 435 1646 she
453 1592 477 1646 is
496 1603 557 1646 true
575 1603 605 1646 to
623 1593 671 1646 the
688 1594 751 1646 love
768 1594 819 1646 she
838 1610 912 1646 owes
931 1610 987 1661 you
1005 1610 1037 1647 as
1056 1610 1074 1646 a
1092 1593 1175 1647 sister
1193 1595 1260 1662 only
1285 1641 1288 1646 .

106 1659 145 1725 by
163 1675 181 1712 a
198 1660 303 1716 crime)
372 1666 437 1717 fida
456 1662 596 1717 ‘caritatis
618 1680 708 1733 aeque
730 1673 922 1731 cognatorum,
942 1680 1027 1732 quam
1047 1663 1259 1717 consuetudinis

107 1731 262 1786 amantium
276 1733 428 1801 appellatio
441 1743 492 1787 est.
519 1736 622 1800 Heni.
636 1749 703 1800 1403
725 1746 746 1801 5.
758 1735 809 1802 99.'
834 1733 998 1788 Merkelius
1021 1733 1123 1787 Fidem
1135 1751 1216 1787 suam
1230 1734 1258 1788 in

108 1803 236 1857 Caunum
247 1803 345 1871 Byblis
355 1804 502 1872 praestitit,
511 1804 580 1858 dum
584 1807 715 1874 patriam
725 1807 885 1873 i‘nuisasque
889 1809 1023 1874 parentes
1030 1804 1150 1872 Deserit,
1158 1811 1185 1858 et
1190 1808 1259 1874 pro·

95 1873 173 1944 fugi
186 1876 318 1942 sequitur
333 1877 455 1946 uestigia
465 1876 576 1945 fratris
590 1877 630 1929 M.
644 1874 677 1928 ix.
692 1875 788 1943 638-9,
803 1877 915 1929 Canace
934 1875 1002 1928 dum
1020 1874 1113 1928 fratris
1131 1875 1258 1929 Macarei

106 1944 287 1998 concubitum
312 1945 425 2014 patitur,
444 1946 573 2015 paritque
594 1945 739 2013 infantem,
759 1945 806 2015 qui
827 1947 863 1999 ab
882 1946 972 1999 Aeolo
993 1962 1048 1999 auo
1070 1944 1166 1998 statim
1191 1945 1258 2000 feris

106 2014 285 2069 dilaniandus
296 2016 421 2070 traditur.
429 2018 503 2071 Her.
514 2017 548 2070 xi.
615 2019 683 2071 359.
695 2019 838 2080 Pelopea.
863 2015 1025 2069 Lactantius
1036 2015 1073 2069 ad
1084 2017 1155 2070 Stat.
1167 2016 1258 2072 Theb.

81 2088 83 2093 ’
105 2084 122 2138 i.
136 2085 188 2154 694
202 2087 273 2140 Cum
286 2091 449 2156 responsum
461 2089 608 2156 accepisset
620 2088 647 2141 T
643 2087 749 2156 liyestes
761 2089 848 2140 aliter
858 2088 998 2140 malorum
1010 2087 1164 2139 remedium
1177 2088 1258 2139 iuue-

104 2158 168 2209 niri
177 2173 233 2209 non
241 2161 330 2226 posse,
343 2159 403 2210 nisi
412 2175 475 2211 cum
485 2158 605 2227 Pelopea
611 2159 681 2228 filia
696 2159 890 2224 concubuisset,
898 2158 1097 2226 paruissetque
1109 2160 1258 2227 responsis,

104 2233 239 2281 natusest
247 2245 322 2280 exea
329 2228 485 2299 Aegisthus
494 2229 728 2298 Clytaemnestrae
740 2229 859 2295 adulter,
869 2229 1092 2298 Agamemnonis
1098 2229 1257 2296 parricida.

106 2297 250 2351 Incestum
263 2298 368 2367 duplici
382 2299 468 2352 modo
480 2309 575 2353 narrat
591 2299 722 2368 Hyginus
736 2300 768 2364 87
782 2309 810 2352 et
824 2299 865 2352 88.
970 2301 1040 2352 360.
1058 2301 1255 2362 Nyctimene.

105 2368 180 2438 Hyg.
195 2383 247 2436 204
259 2371 423 2439 Nyctimene
434 2371 547 2439 Epopei
562 2371 637 2440 regii
650 2370 813 2423 Lesbiorum
831 2371 915 2439 uirgo
925 2369 1135 2436 formosissima
1150 2370 1261 2423 dicitur

93 2439 195 2508 juisse.
209 2439 283 2493 banc
293 2441 427 2510 Epopeus
437 2445 526 2511 pater
535 2457 630 2493 amore
641 2441 770 2494 incensus
780 2441 959 2509 compressit:
975 2456 1047 2508 quae
1058 2440 1169 2508 pudore
1181 2446 1258 2494 tacta

102 2511 187 2563 siluis
199 2511 397 2564 occultabatur.
457 2513 520 2565 361.
532 2514 636 2575 capiti.
658 2511 736 2565 Lusit
747 2511 776 2564 in
784 2510 917 2579 ambiguo
925 2527 1010 2564 sensu
1018 2509 1156 2564 uocabuli.
1178 2512 1205 2563 N
1208 2528 1256 2564 am

104 2579 133 2632 in
145 2583 248 2650 capitii·
260 2580 337 2636 crine
350 2580 427 2635 stetit
439 2585 527 2644 caput
538 2583 583 2635 uel
597 2581 672 2635 salus
687 2581 806 2635 Pterelai
821 2599 854 2635 ac
869 2581 941 2635 Nisi.
1024 2583 1093 2634 362.
1113 2583 1256 2635 Pterelae

102 2651 177 2719 regis
191 2652 365 2720 Taphiorum
382 2651 443 2706 siue
458 2652 655 2721 Teleboarum,
673 2669 757 2721 quem
775 2651 832 2705 filia
850 2652 1015 2721 Comaetho,
1032 2652 1152 2705 detonso
1169 2668 1256 2706 aureo

103 2721 180 2776 crine
198 2740 248 2791 per
267 2739 351 2792 quem
371 2722 536 2777 immortalis
553 2723 644 2776 factus
661 2732 712 2790 est,
726 2722 838 2789 occidit,
852 2739 948 2776 amore
964 2722 1081 2776 incensa
1092 2722 1255 2791 Amphitry-

103 2791 165 2846 onis
179 2803 234 2861 aut,
249 2803 278 2847 ut
291 2792 338 2846 alii
351 2793 474 2861 tradunt,
490 2792 616 2862 Cephali.
630 2795 719 2847 Tzetz.
733 2793 770 2846 ad
785 2794 849 2861 Lyc.
864 2807 923 2862 932·
954 2794 1038 2846 Hanc
1056 2809 1168 2846 comam
1180 2792 1256 2860 αἶθὴν

101 2862 189 2917 fuisse
207 2873 326 2918 testatur
345 2865 512 2918 Eustathius
531 2864 568 2917 ad
589 2864 622 2918 Il.
638 2863 655 2916 i.
672 2878 719 2933 197
735 2861 862 2932 (Potter).
902 2863 1032 2931 Apollod
1047 2862 1074 2917 ii.
1088 2877 1112 2928 4.
1127 2875 1142 2928 7
1157 2862 1255 2932 Ἀμφι-

101 2931 185 3000 τράων
196 2934 264 3002 ἔχων
275 2935 303 2986 ἐκ
319 2938 430 3004 θορικοῦ
444 2936 489 3002 τῆς
500 2933 617 3001 Ἀττικῆς
629 2934 753 3003 Κέφαλον
765 2937 951 3003 συμμαχοῦντα
963 2974 969 2987 .
983 2974 990 2987 .
1005 2933 1071 2987 ,τὰς
1087 2938 1137 2986 τῶν
1148 2933 1256 3002 Ταφίων

101 3002 197 3071 νήσους
214 3005 327 3075 ἐπόρθει.
357 3004 418 3074 άχρι
436 3009 483 3074 μὲν
498 3003 542 3058 οὖν
554 3005 597 3071 ἔζη
610 3005 765 3071 Πτερελαος,
778 3004 822 3056 οὐκ
840 3002 947 3057 ἐδύνατο
964 3002 1011 3070 τὴν
1022 3005 1112 3072 Τάφον
1125 3004 1202 3057 ε’λεῖν·
1220 3003 1255 3060 ὣς

101 3071 129 3125 δὲ
142 3074 156 3141 'i
167 3075 316 3142 Πτερελάου
329 3076 443 3144 θυγάτηρ
454 3075 574 3145 Κομαιθὼ
588 3074 730 3144 ἐρασθεῖσα
741 3072 936 3144 Ἀμφιτρύωνος
947 3073 993 3140 τὴν
1004 3075 1107 3143 χρυσῆν
1118 3073 1195 3143 τρίχα
1206 3079 1254 3128 τοῦ

99 3146 197 3214 πατρὸς
208 3146 237 3199 ἐκ
248 3149 293 3213 τῆς
305 3148 420 3216 κεφαλῆς
431 3146 555 3212 ἐξείλετο,
565 3144 714 3214 Πτερελάου
723 3143 925 3211 τελευτήσαντος
936 3142 1094 3213 ἐχειρώσατο
1103 3144 1149 3197 τὰς
1158 3143 1255 3211 νήσους

99 3213 210 3271 ἁπάσας.
249 3219 333 3271 Hunc
348 3218 488 3271 Pterelam
504 3227 588 3270 uocat
603 3217 717 3269 Plautus
730 3214 855 3284 Amphit.
870 3213 888 3268 i.
904 3229 926 3267 1.
942 3229 999 3267 101.
1071 3216 1149 3268 Nise
1167 3224 1253 3284 quem

100 3285 158 3340 filia
170 3304 222 3341 sua
235 3288 316 3356 Prop.
331 3286 368 3341 iii.
380 3287 437 3356 (iv.)
450 3303 490 3356 19.
499 3302 542 3354 21,
550 3302 583 3340 22
597 3287 702 3339 Minoa
713 3286 886 3339 uenumdata
898 3284 994 3353 Scy'lla
1000 3285 1108 3354 figura,
1126 3285 1254 3339 Tendens

94 3360 246 3427 purpurea
270 3374 358 3429 regna
377 3363 502 3428 paterna
526 3375 612 3424 coma,
637 3356 785 3424 interfecit,
806 3366 836 3410 ut
861 3355 890 3409 in
917 3354 974 3408 Ciri
999 3354 1162 3423 Vergiliana
1186 3372 1252 3408 nar-

98 3437 192 3481 ratum
204 3438 256 3484 est.
387 3432 454 3483 363.
474 3431 698 3491 Infamemque.
734 3429 824 3481 Varro
838 3428 869 3480 L.
881 3427 912 3480 L.
922 3444 947 3480 v.
962 3437 1011 3494 159
1023 3426 1160 3494 Esquilis
1171 3426 1253 3480 uicus

98 3497 277 3567 Africus...
294 3500 377 3553 Vicus
396 3499 519 3568 Cyprius
539 3517 557 3552 a
580 3499 672 3567 Cypra
684 3538 690 3551 .
704 3539 711 3551 .
725 3539 731 3552 .
745 3499 838 3567 Prope
855 3496 931 3551 bunc
950 3496 1044 3550 uicus
1069 3497 1252 3552 sceleratus

97 3569 191 3623 dictus
209 3587 229 3623 α
251 3570 278 3623 T
275 3570 349 3623 ullia
373 3571 517 3639 Tarquini
533 3569 658 3638 Superbi
679 3585 767 3623 urere
787 3568 864 3638 quod
884 3568 926 3621 ibi
944 3584 1028 3636 quom
1049 3568 1152 3621 iaceret
1165 3571 1254 3636 pater

98 3641 210 3707 eccisus,
227 3645 317 3710 supra
335 3657 399 3694 eum
417 3645 581 3710 carpentum
600 3640 689 3693 mulie
708 3645 742 3693 ut
759 3641 879 3709 iniqeret
892 3640 978 3692 iussit
996 3637 1094 3708 (Paley
1112 3638 1149 3691 ad
1167 3640 1198 3692 F.
1214 3637 1251 3694 vi.

98 3708 171 3778 609).
209 3712 283 3765 Rem
299 3721 414 3765 narrant
429 3711 488 3764 Liu.
502 3710 519 3764 i.
533 3712 576 3777 48,
592 3709 675 3764 Ouid.
690 3712 721 3764 F.
735 3709 772 3763 vi.
787 3709 915 3778 587-610.
1014 3711 1083 3763 364.
1102 3712 1250 3764 induetis.

99 3781 130 3834 F.
150 3779 187 3835 vi.
205 3782 257 3836 608
275 3782 348 3849 Duc,
367 3784 494 3850 iuquam,
513 3782 623 3835 inuitas
646 3782 709 3850 ipsa
728 3785 785 3850 per
806 3797 857 3834 ora
876 3785 962 3847 retas,
981 3795 1054 3848 quae
1078 3779 1166 3833 uerba
1185 3789 1251 3834 sunt

97 3849 208 3905 Tulliae
226 3851 353 3921 aurigam
372 3851 523 3908 incitantis.
595 3855 675 3906 rotis
687 3850 821 3920 carpenti,
834 3850 863 3904 in
876 3850 1075 3920 quouehiculo
1088 3849 1250 3919 conspirant

97 3921 424 3977 VarroLiuiusOuidius.
492 3925 640 3977 365-870.
656 3924 730 3991 Hyg.
740 3922 774 3987 84
782 3921 1056 3975 OenemausMartis
1064 3920 1251 3989 etAsteropes

95 3992 228 4046 Atlantis
237 3995 321 4064 filiae
330 3994 417 4064 filius
433 3992 534 4047 babuit
550 3994 582 4047 in
600 3994 730 4062 coniugio
746 3993 892 4045 Euareten
903 3991 1016 4045 Acrisii
1022 3991 1129 4061 filiam,
1142 4008 1179 4043 eir
1192 4007 1251 4058 qua

43 4081 46 4086 ’
90 4066 257 4132 procreauit
278 4065 505 4134 Hippodamiam
528 4065 670 4133 uirginem
693 4063 813 4116 eximiae
827 4063 950 4131 formae,
974 4077 1061 4130 quam
1084 4061 1163 4114 nulli
1188 4061 1251 4114 ideo

93 4133 182 4188 dabat
198 4135 229 4187 in
247 4137 410 4205 coniugium
428 4135 506 4204 quod
520 4134 576 4188 sibi
591 4137 753 4202 responsum
762 4133 830 4202 suit
846 4150 865 4185 a
877 4148 982 4202 genero
998 4137 1115 4186 mortem
1130 4136 1248 4186 caueret.

93 4205 192 4273 itaque
202 4222 266 4259 cum
278 4206 433 4275 complures
444 4222 506 4259 eam
513 4209 642 4274 peterent
652 4205 684 4256 in
695 4203 867 4272 coniugium,
874 4202 1047 4255 simultatem
1059 4202 1212 4267 constituit,
1220 4217 1250 4254 se

94 4276 123 4328 ei
133 4275 270 4330 daturam
282 4278 335 4345 qui
344 4293 434 4330 secum
447 4276 598 4346 quodn'gis
609 4279 739 4330 certasset
751 4277 895 4341 uictorque
908 4274 1009 4325 eri‘sset
1020 4272 1108 4340 (qued
1122 4272 1148 4324 i's
1165 4287 1249 4339 equas

94 4344 240 4413 Aquilone
251 4348 400 4400 uelocieres
410 4345 520 4414 babuit)
533 4349 626 4400 uictus
637 4350 731 4399 autem
744 4344 955 4412 interficeretur.
985 4343 1085 4396 multis
1095 4343 1249 4411 interjectis

93 4417 246 4470 nouissime
257 4418 360 4486 Pelops
375 4417 494 4471 Tantali
501 4418 588 4487 filius
602 4433 666 4471 cum
681 4417 803 4470 uenisset
819 4418 847 4467 et
864 4412 975 4482 capita
992 4412 1131 4466 humana
1150 4429 1248 4482 super

93 4486 211 4544 ualuas
230 4487 292 4544 fixa
309 4486 451 4546 uidisset
469 4504 582 4546 eorum
603 4486 658 4559 qui
680 4483 940 4557 Hippodamiam
960 4481 993 4539 in
1013 4499 1145 4542 uxorem
1166 4482 1248 4555 peti-

663 4577 684 4620 K
