3038 4988
468 1025 894 1111 EXCVRSVS.

138 1288 185 1344 Ad
200 1288 241 1343 ib.
255 1289 304 1343 99.
324 1284 485 1358 Quisquis
505 1286 585 1342 ades
605 1285 721 1355 sacris,
739 1283 897 1355 lugubria
915 1281 1020 1339 dicite
1038 1284 1149 1340 uerba.

140 1359 256 1441 Optime
273 1360 344 1413 haec
363 1359 536 1413 illustrantur
555 1357 589 1412 iis
609 1375 682 1429 quae
700 1358 737 1412 de
750 1356 915 1411 Lindiorum
930 1354 1018 1408 sacris
1035 1354 1120 1409 tradit
1135 1357 1254 1411 Lactan-

102 1429 158 1486 tius
172 1447 188 1484 ι’.
203 1446 234 1484 21
252 1431 319 1483 Non
337 1429 451 1500 εὐφημίᾳ
468 1430 519 1483 sed
533 1430 690 1483 maledictis
707 1434 735 1482 et
751 1429 938 1482 exsecratione
955 1426 1136 1495 celebrantur,
1150 1444 1255 1497 eaque

102 1518 162 1571 pro
176 1499 315 1554 uiolatis
327 1500 465 1568 habent,
477 1499 505 1554 si
523 1499 656 1570 quando
668 1499 757 1554 inter
773 1499 958 1553 sollemnes
971 1496 1057 1551 ritus
1069 1498 1122 1550 uel
1135 1497 1254 1567 impru-

103 1571 199 1628 denti
212 1571 313 1625 alicui
326 1570 490 1625 exciderit
503 1572 624 1625 bonum
637 1571 783 1625 uerbum.

138 1642 186 1696 Ad
198 1645 268 1698 287.
286 1644 351 1695 Aut
370 1642 462 1696 uelut
479 1640 692 1710 †Eurylochi‚
711 1639 766 1710 qui
785 1648 955 1708 sceptrum
974 1636 1064 1707 cepit
1082 1637 1123 1692 ab
1143 1637 1212 1706 illo,

324 1712 399 1766 Sint
417 1721 509 1766 artus
528 1711 638 1766 auidis
657 1711 825 1780 anguibus
844 1726 922 1764 esca
940 1708 996 1763 tui.

104 1781 226 1837 Codices
250 1782 420 1836 Eun'locum
443 1784 519 1837 hunc
543 1783 670 1853 plerique
693 1780 850 1848 nominant,
874 1797 947 1834 unus
971 1777 1144 1833 Turonensis
1168 1779 1255 1835 habet

109 1854 217 1907 Yrt'oni.
254 1853 408 1924 Εὐρυλόχου
425 1857 472 1908 τοῦ
491 1855 633 1906 θεσσαλοῦ
651 1852 825 1907 mentionem
840 1850 909 1905 fecit
929 1850 1032 1904 Strabo
1048 1851 1100 1916 418
1119 1849 1167 1903 ubi
1187 1849 1255 1905 dicit

104 1941 170 1978 eum
183 1924 246 1977 κατὰ
258 1924 303 1977 τὸν
314 1926 440 1992 Κρισαῖον
450 1925 567 1992 ποἊεμον
578 1923 675 1990 fuisse,
686 1923 787 1977 iterum
799 1937 849 1988 421
863 1922 927 1990 μετὰ
943 1921 988 1974 τὸν
996 1923 1127 1989 ,Κρισαῖον
1139 1923 1256 1986 πόλεμον

104 1996 129 2047 oi
138 1992 324 2080 Ἀμφικτύονες
335 1995 438 2049 ἱππικὸν
448 1996 488 2048 καὶ
499 1996 621 2064 γυμνικὸν
631 1993 738 2063 (ἀγῶνα)
748 1993 790 2047 ἐπ’
800 1993 952 2062 Εὐρυλόχου
965 1990 1085 2057 διέταξαν
1096 1991 1256 2060 στεφανίτην

104 2065 147 2118 καὶ
155 2065 240 2118 Πυθιο
252 2065 389 2120 ἐκάλεσαν.
408 2065 546 2120 Eiusdem
554 2065 682 2119 meminit
696 2064 791 2119 Schol.
801 2062 881 2118 Pind.
893 2061 973 2131 Pyth.
984 2079 1011 2131 p.
1020 2062 1071 2130 298
1081 2062 1196 2116 Boeckh
1206 2060 1255 2116 ubi

104 2134 227 2190 citantur
238 2145 296 2190 tres
310 2135 466 2190 hexametri
480 2135 679 2206 Euphorionis,
693 2134 795 2205 quibus
807 2135 949 2201 ὁπλότερος
961 2130 1079 2202 Ἀχιλεὺς
1096 2132 1188 2187 dictus
1203 2143 1254 2188 est.

106 2205 151 2260 Ibi
169 2205 436 2274 Meinekius'(Anal.
450 2208 528 2262 Alex.
542 2224 570 2276 p.
583 2206 629 2276 95)
644 2205 767 2261 ‘Crisaei
786 2221 873 2276 quum
889 2202 1019 2257 iniustius
1034 2203 1183 2272 uectigalia
1199 2203 1256 2258 exi-

104 2286 203 2345 gerent
222 2277 258 2331 ab
276 2276 319 2345 iis,
332 2277 380 2347 qui
397 2279 541 2331 oraculum
560 2275 713 2331 consulturi
729 2277 858 2345 Delphos
875 2274 1126 2344 proficiscerentur,
1139 2275 1256 2329 tandem

105 2348 284 2415 Eurylochus
307 2347 455 2402 Larisaeus
477 2347 577 2412 extitit,
598 2348 645 2419 qui
670 2364 768 2401 eorum
792 2346 981 2401 temeritatem
1006 2345 1203 2415 comprimeret
1227 2355 1256 2400 et

105 2417 254 2472 debellatis
268 2417 399 2486 Crisaeis‚
414 2420 500 2486 longo
519 2428 647 2487 tempore
665 2416 856 2473 intermissam
873 2416 1041 2484 Pythiorunr
1057 2415 1256 2471 solennitatem

105 2487 273 2543 instauraret
293 2490 406 2558 Olymp.
425 2489 508 2543 xlvii'
552 2489 664 2544 Eodem
686 2489 770 2543 refert
790 2487 924 2557 Polyaeni
945 2485 1137 2542 narrationem
1157 2486 1193 2542 vi.
1216 2502 1258 2556 13,

104 2559 153 2613 ubi
179 2559 282 2614 dicitur
305 2561 482 2628 Eurylochus
506 2559 762 2629 Amphictyonibus
790 2558 913 2613 suasisse
940 2568 971 2613 ut
998 2574 1102 2628 aquam
1130 2574 1203 2628 quae
1227 2559 1257 2612 in

106 2629 286 2684 Crisaeorum
302 2631 401 2685 urbem
418 2630 547 2685 cuniculo
564 2631 692 2686 influeret
708 2630 852 2685 helleboro
865 2638 1093 2698 corrumperent:
1114 2646 1169 2700 quo
1182 2629 1257 2683 sacto

104 2700 204 2754 urbem
226 2700 344 2770 cepisse.
389 2702 447 2756 Sed
468 2701 516 2756 hic
536 2718 601 2755 cum
624 2703 669 2755 Ol.
691 2700 756 2755 xlvii
781 2700 889 2768 uixerit,
913 2717 967 2754 nec
989 2699 1139 2770 quisquam
1163 2700 1257 2754 tradat

105 2770 244 2839 anguibus
258 2781 458 2841 consumptum
469 2772 565 2841 fuisse,
578 2789 635 2826 non
648 2781 742 2841 potest
754 2771 778 2826 is
792 2789 854 2826 esse
868 2771 904 2825 de
916 2788 972 2841 quo
985 2769 1054 2825 dixit
1068 2770 1196 2825 Ouidius.

142 2844 245 2912 Neque
261 2859 329 2896 uero
346 2843 384 2896 ad
396 2843 576 2898 Thessaliam
592 2842 713 2913 pertinet
730 2842 754 2896 is
771 2842 947 2910 Eurylochus
965 2841 1012 2912 qui
1027 2841 1155 2909 Cychrea
1173 2840 1257 2896 inter·

105 2911 240 2968 sectorem
260 2913 357 2982 (Diod.
377 2912 413 2968 iv.
431 2927 474 2982 72,
493 2916 583 2969 Tzetz.
602 2913 640 2968 ad
660 2914 785 2983 Lycoph.
807 2911 876 2981 110),
893 2913 937 2966 vel
956 2912 1133 2981 expulsorem
1152 2910 1257 2979 (Strab.

106 2983 170 3052 393)
196 2983 328 3038 draconis
353 2984 509 3053 Salaminii,
535 2984 596 3055 ipse
623 2994 687 3055 post
715 2982 821 3054 expulit
848 2993 877 3038 et
905 2981 933 3035 in
960 2998 1079 3050 regnum
1105 2981 1257 3036 Salaminis

106 3063 235 3123 receptus
260 3063 311 3110 est.
359 3056 539 3126 Quamquam
564 3055 626 3110 aliis
651 3055 779 3123 testibus,
799 3053 945 3123 Stephano
968 3055 1031 3121 Byz.
1054 3069 1076 3107 s.
1090 3069 1115 3106 u.
1136 3053 1257 3122 Σαλαμίς,

106 3126 237 3179 Eustath.
260 3126 298 3179 ad
323 3125 442 3195 Dionys.
466 3125 575 3195 Perieg.
599 3139 658 3195 512,
684 3126 828 3195 Cychreus
851 3123 898 3177 hic
923 3123 984 3193 ipse
1008 3131 1123 3192 propter
1146 3140 1257 3177 morum

106 3195 289 3265 asperitatem
306 3192 391 3265 ὀφις
414 3196 630 3266 cognominatus
655 3197 691 3251 ab
717 3196 879 3264 Eurylocho
906 3194 1003 3264 pulsus
1029 3192 1173 3247 Salamine
1197 3193 1257 3249 fuit.
1360 3194 1361 3197 ’

107 3268 210 3336 Neque
222 3266 377 3321 absurdum
412 3267 440 3320 ui
457 3267 525 3322 talia
541 3267 664 3335 iecisset,
676 3284 742 3322 eum
758 3266 897 3337 anguibus
915 3265 1082 3320 denotatum
1098 3264 1257 3322 memorari.

105 3336 180 3391 Vide
194 3336 282 3391 Mein.
294 3338 378 3392 Anal.
418 3338 469 3392 lex.
483 3354 510 3407 p.
526 3350 566 3406 52.

143 3409 278 3477 Superest
291 3417 321 3462 ut
333 3425 428 3462 meam
441 3408 611 3463 sententiam
624 3407 661 3463 de
673 3425 756 3463 uersu
771 3408 880 3462 firmem
897 3405 1078 3477 argumentis.
1117 3407 1194 3461 Nam
1210 3406 1258 3477 qui
1287 3436 1291 3450 ι

106 3478 228 3548 Triopas
245 3488 288 3533 est
303 3478 419 3548 Hygino
433 3481 462 3533 P.
477 3481 511 3533 A.
528 3495 548 3534 1.
566 3494 605 3548 14,
619 3478 643 3533 is
659 3480 746 3533 modo
762 3487 845 3533 natus
860 3478 956 3548 (Diod.
970 3478 1005 3533 iv.
1021 3479 1065 3547 58)
1079 3478 1166 3532 modo
1178 3488 1260 3548 pater

107 3549 208 3617 (Hom.
231 3551 268 3604 H.
288 3549 317 3604 ii.
336 3565 396 3617 211,
420 3551 496 3618 Hyg.
516 3552 547 3605 P.
566 3552 601 3605 A.
624 3550 667 3617 14)
686 3549 789 3604 dicitur
810 3549 989 3619 Phorbantis,
1007 3566 1092 3620 quem
1114 3548 1219 3604 Rhodii
1241 3567 1260 3606 a

106 3619 257 3676 Thessalia
265 3619 471 3675 arcessiuerunt
482 3629 512 3675 ut
521 3632 628 3689 angues
638 3620 788 3690 perimeret
800 3619 896 3690 (Diod.
908 3640 934 3676 v.
947 3622 999 3691 58).
1026 3623 1112 3676 Hunc
1126 3621 1259 3691 Hyginus

105 3701 202 3745 narrat
221 3701 249 3746 et
268 3691 276 3745 i
298 3707 369 3758 sum,
383 3691 455 3745 sicut
468 3691 612 3761 Triopam,
626 3708 644 3746 a
661 3692 803 3746 nonnullis
821 3708 872 3762 pro
887 3692 1037 3762 Ophiucho
1053 3692 1183 3747 habitum
1195 3710 1260 3748 esse

108 3761 150 3831 (P.
164 3763 197 3814 A.
212 3761 229 3816 i.
245 3708 297 3829 nri).
334 3760 421 3832 Atqui
440 3762 575 3831 Phorbas,
590 3762 728 3832 Lapithae
740 3773 769 3818 et
782 3763 947 3818 Orsinomes
965 3763 1046 3832 filius,
1058 3781 1148 3834 nepos
1163 3764 1259 3834 Eury-

107 3835 187 3886 nomi
202 3831 254 3886 fuit
274 3831 372 3901 (Diod.
390 3832 424 3886 iv.
439 3832 492 3901 69).
531 3835 632 3904 ltaque
651 3836 831 3902 Eurynomus
849 3851 919 3889 auus
940 3834 1118 3902 Phorbantis,
1157 3850 1260 3888 roauus

106 3902 248 3972 Triopae:
271 3903 347 3957 unde
363 3919 421 3957 non
438 3903 533 3972 inepte
546 3904 670 3959 conicias
683 3914 731 3959 aut
749 3905 786 3958 ad
801 3906 876 3959 hunc
888 3904 1019 3958 tralatam
1035 3904 1122 3959 fuisse
1134 3850 1260 3958 iirbulam

107 3973 144 4028 de
157 3973 305 4043 anguibus,
318 3983 367 4028 aut
386 3973 479 4043 ipsum
492 3975 627 4045 Triopam
646 3974 744 4046 proaui
763 3974 878 4029 nornine
895 3992 912 4029 a
928 3975 1070 4028 nonnullis
1085 3975 1259 4043 appellatum

107 4043 202 4098 fuisse.
241 4046 319 4098 Nam
335 4061 393 4098 non
410 4046 527 4099 deerant
543 4046 590 4115 qui
604 4048 799 4114 Eurynomum
816 4045 924 4100 socium
940 4044 1065 4099 lacerent
1080 4043 1259 4114 Phorbantis,

107 4131 165 4168 non
184 4114 373 4185 propinquum
387 4114 492 4182 (Schol.
506 4118 578 4172 Ven.
593 4118 680 4170 Hom.
694 4117 727 4171 ll.
740 4115 814 4170 xviii.
827 4116 900 4185 483).
938 4116 1021 4175 Certe
1038 4132 1096 4169 non
1108 4116 1228 4169 multum
1241 4133 1260 4172 a

107 4184 247 4255 scriptura
259 4188 284 4239 T
303 4187 405 4240 ilriom'
415 4188 468 4240 hoc
480 4204 585 4242 nornen
597 4188 761 4258 Eurynomi
770 4187 866 4243 distat.
1153 4239 1156 4245 ,

144 4256 192 4310 Ad
209 4259 279 4325 293,
291 4259 320 4311 4.
344 4255 374 4311 Si
393 4274 444 4326 per
461 4258 575 4312 codices
592 4257 684 4327 liceat,
700 4259 774 4312 bene
792 4258 827 4312 de
846 4260 938 4325 Eryce
957 4255 1157 4326 interpreteris,
1173 4273 1259 4327 quem

110 4328 250 4382 Hercules
262 4329 318 4397 τρὶς
328 4330 522 4408 περιγενόμενος
537 4330 600 4382 κατὰ
616 4329 662 4396 τὴν
673 4330 760 4397 πάλην
773 4329 914 4400 (Apollod.
928 4327 956 4384 ii.
972 4341 995 4397 5.
1011 4328 1053 4396 11)
1067 4327 1170 4383 occidit
1183 4338 1211 4384 et
1225 4347 1260 4385 ex

109 4399 168 4452 alto
184 4397 381 4468 praecipitauit
394 4397 493 4466 (Tzetz.
507 4399 545 4454 ad
561 4402 627 4468 Lyc.
641 4398 713 4468 866).
751 4403 789 4456 Et
805 4399 914 4455 uictus
931 4399 1046 4471 quidem
1063 4398 1198 4468 scriptum
1215 4411 1260 4458 est

109 4468 140 4524 in
152 4470 185 4524 T.
224 4469 282 4525 Sed
299 4486 357 4524 non
375 4470 494 4526 multum
512 4469 646 4542 praesidii
664 4471 783 4528 habebis
799 4490 833 4528 ex
849 4471 1026 4544 scripturaG
1042 4471 1261 4544 ethreclideS,
