3038 4988
243 387 301 444 140
641 380 990 443 COMMENTARIVS.

241 550 270 596 et
283 539 344 610 ipse
357 536 488 607 dominus
502 537 706 608 Cassandreae,
718 542 846 593 domino
863 555 928 594 non
944 541 1053 594 mitior·
1068 540 1124 593 illo
1140 537 1167 592 h.
1179 554 1203 592 e.
1216 545 1287 592 noto
1303 536 1352 591 illo
1367 547 1397 592 et

242 611 340 665 infami
365 610 547 679 Apollodoro,
571 610 619 680 qui
649 621 761 679 praeter
790 621 899 665 ceteros
930 610 1031 664 meruit
1061 610 1258 664 Cassandreus
1289 609 1393 663 uocari.

242 685 312 736 462.
326 686 449 746 ingesta
461 698 546 750 supra
556 682 705 736 cumulata.
732 682 803 736 M.v.
813 681 865 748 346
878 682 963 734 Vasta
973 682 1120 751 Giganteis
1129 682 1240 750 ingesta
1248 686 1291 733 est
1297 681 1395 733 insula

243 754 372 807 membris
388 753 541 806 Trinacris.
683 755 754 805 463.
772 755 969 806 Abantiades
983 753 1101 805 Perseus
1121 750 1194 804 filius
1208 753 1336 818 Danaes,
1351 749 1394 803 cui

243 834 324 894 pater
341 822 476 890 Acrisius,
495 839 564 876 auus
583 822 671 889 Abas,
684 823 812 892 Apollod
828 821 854 876 ii.
869 838 893 877 2.
910 838 932 876 1.
970 824 1091 876 Danaen
1106 825 1195 890 pater
1210 822 1243 874 ab
1260 825 1394 890 stuprum

242 895 381 949 inclusam
393 895 425 946 in
437 910 504 946 arca
516 910 579 946 cum
591 894 692 946 Persea
703 895 734 947 in
747 910 825 946 mare
836 894 941 947 deiecit.
953 910 985 946 ea
997 893 1145 946 uoluntate
1155 893 1237 946 lanis
1247 892 1345 945 delata
1356 896 1397 944 est

243 967 275 1019 in
287 965 412 1018 insulam
424 963 579 1033 Seriphum
593 965 668 1032 Hyg.
682 963 725 1031 63.
762 964 901 1018 Fabulam
920 963 1043 1017 narrauit
1063 962 1225 1017 Simonides
1244 961 1394 1016 notissimo

243 1035 369 1089 carmine
381 1035 413 1088 fr.
427 1046 459 1101 37
474 1035 568 1102 Bergk
575 1031 638 1087 Ὅτε
651 1035 757 1101 λάρνακι
769 1034 797 1086 ἐν
810 1033 930 1102 δαιδαλέᾳ
944 1037 1020 1088 κ.τ.λ.
1069 1036 1229 1099 Cygneius
1245 1034 1335 1087 uelut
1349 1032 1394 1086 alii

243 1106 327 1160 codd.
351 1108 524 1170 Lyrnesius
547 1108 640 1158 heros
664 1115 707 1159 est
732 1107 834 1159 Tenes.
879 1105 964 1159 Diod.
983 1123 1009 1159 v.
1030 1105 1071 1171 83.
1091 1118 1108 1170 4
1134 1103 1232 1157 Κύκνον
1256 1107 1327 1170 φασι
1352 1104 1396 1156 τὸν

243 1177 341 1243 πατέρα
350 1174 527 1228 πιστεύσαντα
535 1177 653 1246 γυναικὸς
662 1176 796 1236 διαβολαῖς
805 1175 901 1230 ἀδίκοις
909 1177 954 1229 τόν
963 1177 1018 1228 οἷὸν
1029 1176 1107 1242 Τένην
1120 1174 1156 1228 εἷς
1163 1175 1279 1244 λάρνακα
1291 1173 1396 1228 ἐνθέντα

244 1247 436 1300 καταποντίσαι·
455 1243 549 1312 ταύτην
561 1245 589 1298 δέ
606 1246 655 1299 ὑπὸ
667 1249 714 1299 τοῦ
727 1245 856 1301 κλύδωνος
867 1245 1012 1316 φερομένην
1023 1245 1228 1332 προσενεηηθῆναι
1244 1245 1276 1312 τῇ
1288 1246 1395 1318 Τενέδῳ,

244 1317 348 1369 καὶτὸν
366 1317 445 1382 Τένην
461 1316 614 1385 παραδόξως
631 1317 747 1370 σωθέντα
766 1317 831 1370 θεῶν
848 1338 915 1371 τινος
932 1318 1040 1385 προνοίη
1059 1318 1104 1380 τῆς
1125 1337 1206 1382 νησου
1225 1317 1394 1378 βασιλεῦσαι.

246 1386 390 1442 Heraclid.
411 1386 519 1440 Pontic.
537 1402 564 1456 p.
578 1401 629 1454 213
650 1387 759 1441 Miiller.
797 1388 929 1442 Tenedos
950 1389 1090 1456 Lyrnesos
1109 1386 1186 1440 dicta
1206 1385 1278 1440 Plin.
1294 1404 1320 1439 v.
1339 1401 1395 1451 140.

246 1457 401 1512 Pausanias
426 1457 474 1511 ubi
498 1474 558 1510 rem
582 1467 677 1512 narrat
701 1477 727 1513 x.
752 1473 784 1524 14
808 1457 876 1512 dicit
902 1461 1000 1512 Tenen
1022 1475 1087 1511 cum
1108 1474 1205 1511 sorore
1231 1456 1396 1524 Hemithea,

244 1529 346 1585 fraude
367 1545 506 1582 nouercae
533 1528 731 1596 Phylonomes‚
756 1546 828 1598 quae
853 1531 952 1583 Tenen
976 1529 1079 1582 frustra
1103 1536 1220 1596 amaret,
1245 1527 1275 1580 in
1299 1544 1396 1581 arcam

245 1600 404 1654 coniectos:
418 1609 445 1653 et
456 1598 497 1652 sic
508 1599 675 1668 Lycophron
685 1614 745 1666 231,
754 1600 787 1653 cl'.
802 1612 852 1668 235
864 1600 1091 1669 λαρνακαφθόρους
1102 1597 1191 1667 ῥιφός.
1244 1600 1316 1651 465.
1325 1601 1397 1651 Vio-

244 1674 324 1725 tima
335 1672 482 1724 macteris
494 1669 527 1723 cl.
535 1670 586 1737 398
596 1672 713 1723 uictima
725 1687 827 1724 caesus.
847 1669 1038 1724 Liu.xxxix.10
1047 1671 1082 1723 Vt
1092 1671 1210 1738 quasque
1218 1669 1400 1722 introductus

244 1743 284 1795 sit
296 1741 336 1810 (in
349 1740 521 1808 Bacchanal)
536 1740 615 1793 uelut
626 1742 772 1794 uictimam
787 1741 867 1794 tradi
876 1741 1069 1794 sacerdotibus.
1098 1739 1135 1794 ib.
1147 1754 1177 1807 13
1190 1741 1229 1792 Si
1238 1741 1291 1809 qui
1301 1742 1400 1792 minus

240 1814 381 1883 patientes
392 1812 601 1865 dedecoramini
619 1852 625 1865 .
644 1850 651 1865 .
672 1853 678 1866 .
695 1816 749 1881 pra
762 1813 886 1865 uictimis
897 1812 1050 1868 immolari.
1081 1809 1245 1865 saores‘ol
1254 1810 1400 1877 sacrifice‚'

245 1883 293 1937 ubi
307 1882 486 1936 sacrificatur.
519 1880 567 1935 Sic
580 1882 700 1935 uictoria
711 1899 793 1936 sacra
807 1884 887 1936 Pont.
901 1881 936 1936 iv.
947 1897 972 1950 9.
983 1897 1024 1950 30.
1087 1885 1158 1936 466.
1176 1897 1272 1935 saeuo
1285 1880 1398 1950 proprie

140 1959 145 1971 ‘
246 1954 282 2007 de
301 1953 436 2022 tyrannis.
474 1954 608 2006 quenis
628 1965 677 2020 307
697 1971 782 2006 saeua
800 1955 940 2006 castrauit
956 1955 987 2006 in
1006 1969 1069 2006 arce
1086 1958 1233 2022 tyrannm.
1306 1955 1399 2005 hosts

245 2024 427 2093 Apollodoro,
441 2022 488 2092 qui
502 2032 532 2076 ut
547 2023 742 2077 Cassandreae
760 2023 939 2092 tyrannidem
958 2023 1082 2077 securius
1102 2032 1253 2092 occuparet
1269 2023 1400 2091 μειράκιον

246 2095 399 2162 Kalamai,
430 2097 598 2162 συναρπάσας
628 2096 669 2147 καὶ
699 2093 781 2149 θύσας
811 2093 956 2161 ἐπέστησεν
985 2095 1053 2165 αὐτῷ
1079 2095 1201 2163 μάγειρον
1225 2095 1400 2160 Λεοντομελη.

247 2163 329 2219 Οὗτος
359 2163 557 2231 δειπνοποιησας
580 2165 613 2218 τὰ
637 2165 778 2234 σπλάγχνα
807 2165 935 2233 παρέθηκε
958 2167 1012 2219 τοῖς
1037 2166 1204 2232 συνωμόταις·
1235 2165 1271 2217 διν
1296 2163 1398 2231 δειπνη-

247 2237 348 2288 σόντων
377 2235 418 2287 καὶ
445 2236 556 2288 πιόντων
584 2236 614 2287 τό
644 2232 706 2303 αἷμα
736 2233 795 2308 οἴνῳ
825 2237 917 2303 pellam
946 2235 1109 2304 μεμιγμένον,
1134 2235 1230 2301 ἔδειξεν
1258 2234 1346 2288 αὐτοῖς
1368 2235 1398 2287 τὸ

248 2310 332 2372 σῶμα,
361 2306 392 2372 τῇ
424 2305 539 2372 κοινωνίᾳ
572 2309 619 2358 τοῦ
652 2307 798 2375 μιάσματος
833 2306 950 2373 έμπεδῶν
983 2307 1013 2359 τό
1042 2307 1136 2360 πιστόν
1169 2307 1216 2371 τῆς
1248 2304 1398 2359 ἐπιθέσεως.

248 2378 380 2445 Polyaen.
406 2375 443 2429 vi.
467 2388 492 2443 7,
518 2374 552 2429 cf.
573 2375 658 2430 Diod.
684 2376 748 2431 xxii.
772 2389 796 2444 5.
841 2378 926 2430 Hunc
950 2375 1081 2430 iuuenem
1107 2376 1289 2430 Theodotum
1312 2385 1399 2444 poeta

246 2447 379 2528 appellat,
401 2445 476 2500 sacili
500 2462 601 2501 errore.
646 2448 723 2500 Nam
745 2447 910 2501 Theodotus
931 2445 959 2501 in
985 2447 1086 2501 eodem
1110 2448 1174 2501 loco
1196 2446 1332 2516 Polyaeni
1357 2446 1400 2499 di-

200 2554 202 2558 ·
247 2528 319 2572 citur
338 2516 361 2570 is
379 2517 426 2586 qui
445 2526 543 2570 auctor
564 2517 653 2571 luerat
666 2527 702 2571 ut
723 2517 912 2587 Apollodorus
935 2517 1070 2572 satellites
1088 2535 1106 2571 a
1124 2518 1229 2587 populo
1247 2516 1398 2587 acciperet,

248 2587 310 2658 ipso
335 2588 485 2641 obstante:
516 2587 592 2642 unde
616 2605 721 2642 nomen
746 2589 783 2642 ad
809 2588 974 2642 Callimelen
999 2589 1131 2643 tralatum
1156 2587 1296 2642 existimo.
1334 2586 1397 2641 Nisi

247 2661 327 2726 forte,
340 2657 417 2728 quod
436 2657 605 2726 Saluagnius
623 2658 754 2728 opinatus
773 2668 824 2726 est,
844 2669 871 2712 et
892 2659 1056 2713 Callimelen
1075 2669 1103 2713 et
1122 2659 1303 2713 Theodotum
1323 2675 1398 2712 mac·

247 2729 319 2784 tauit
338 2728 536 2798 Apollodorus.
573 2728 628 2782 Alii
651 2729 831 2783 Theodotum
853 2729 1011 2798 intelligunt
1036 2729 1115 2783 cuius
1139 2728 1314 2783 mentionem
1333 2728 1398 2783 fecit

248 2799 345 2854 Liuius
365 2798 436 2853 xxiv.
460 2811 483 2867 5.
521 2799 593 2852 Cum
614 2799 676 2853 aliis
698 2799 893 2854 coniurauerat
918 2799 946 2853 in
970 2799 1185 2869 Hieronymum,
1211 2799 1325 2854 Siciliae
1350 2816 1399 2869 per

247 2869 384 2926 tredecim
397 2887 509 2924 menses
522 2879 681 2938 tyrannum,
693 2872 872 2941 traditusque
880 2871 907 2924 A
911 2872 1089 2927 ndrauodero
1102 2872 1281 2939 torquendus,
1289 2874 1398 2941 pastre-

248 2959 294 2995 me
305 2958 368 2996 cum
381 2941 508 2995 omnibus
520 2942 707 2995 intolerandis
712 2943 871 3012 patientiae
881 2941 1023 2995 hnmanae
1034 2943 1206 2998 cruciatibus
1217 2943 1399 3009 laceraretur,

248 3015 356 3067 uictum
369 3012 454 3065 malis
465 3029 494 3065 se
504 3013 645 3065 simulans
656 3014 763 3066 auertit
775 3012 809 3065 ab
820 3014 936 3066 consciis
947 3013 979 3065 in
991 3014 1115 3066 insontes
1128 3013 1275 3067 iudicium.
1314 3013 1399 3065 Hunc

248 3083 431 3138 Theodorum
439 3083 501 3136 Val.
511 3082 653 3136 Maximus
666 3083 789 3152 appellat
802 3082 840 3136 iii.
849 3097 872 3149 3.
886 3095 908 3152 5.
933 3084 1026 3153 Rupit
1036 3085 1122 3137 etiam
1135 3084 1258 3151 uerbera,
1263 3083 1400 3152 fidiculas

247 3155 370 3222 laxauit,
387 3153 475 3223 saluit
492 3153 623 3221 eculeum,
641 3154 766 3207 laminas
782 3155 907 3207 extenuit
924 3156 1011 3223 prius
1029 3171 1115 3224 quam
1132 3155 1235 3223 efficere
1250 3156 1350 3223 patuit
1368 3158 1402 3206 ut

247 3225 436 3294 tyrannicidii
456 3225 576 3278 conscias
599 3225 744 3278 indicaret.
782 3224 840 3278 Sed
865 3225 939 3278 hunc
963 3225 1001 3278 ad
1025 3242 1089 3278 aras
1112 3224 1219 3278 Phoebi
1244 3235 1400 3278 mactatum

248 3296 335 3350 fuisse
359 3312 444 3349 nemo
468 3293 603 3348 tradidit:
634 3304 710 3348 certe
734 3294 811 3348 idem
835 3305 935 3364 postea
958 3305 1104 3365 tamquam
1124 3295 1206 3348 uiuus
1228 3305 1400 3349 memoratur

249 3383 314 3420 cum
332 3362 433 3420 Sosicle
452 3365 510 3419 Liu.
524 3364 595 3418 xxiv,
610 3380 653 3419 21.
690 3367 757 3419 Non
774 3366 860 3419 credo
877 3365 993 3435 intelligi
1007 3365 1187 3420 Theodotum
1204 3365 1283 3419 illum
1298 3367 1400 3434 Pytha-

249 3454 366 3507 goreum
379 3436 484 3505 dequo
499 3436 589 3489 Clem.
599 3437 680 3490 Alex.
694 3437 797 3490 Strom.
811 3451 862 3504 213
876 3437 905 3490 S.
919 3435 987 3491 dicit
1000 3453 1065 3490 cum
1080 3435 1227 3491 tormentis
1241 3435 1400 3504 adigeretur

250 3517 280 3561 ut
297 3523 432 3561 arcanum
448 3505 554 3576 aliquid
571 3506 701 3575 proderet
715 3506 924 3576 στρεβλούμενον
936 3509 1099 3577 καρτερῆσαι,
1112 3523 1165 3560 nec
1183 3506 1400 3561 Ciceronianum

250 3577 328 3630 illum
354 3576 536 3630 Theodorum
560 3579 645 3631 Tusc.
670 3576 752 3647 Disp.
775 3577 791 3631 i.
813 3592 856 3645 43.
882 3592 940 3630 102.
1040 3581 1111 3634 467.
1128 3581 1283 3631 deuoueat
1307 3581 1401 3631 sertis
1489 3597 1491 3599 >

249 3651 377 3702 Abdera
394 3648 512 3700 diebus.
551 3649 596 3701 De
615 3648 670 3702 hoc
688 3665 766 3702 more
783 3648 985 3702 Abderitarum
1007 3648 1044 3702 de
1065 3665 1128 3719 quo·
1146 3647 1298 3717 scripserat
1318 3648 1401 3702 Calli-

249 3718 377 3785 machus,
402 3716 425 3770 si
451 3716 521 3770 fides
547 3717 730 3786 Scholiastae,
754 3717 825 3772 nihil
849 3719 963 3773 aliunde
987 3729 1162 3789 compertum
1186 3718 1286 3773 habuit
1310 3720 1346 3772 K.
1370 3721 1401 3772 F.

252 3792 400 3843 Hermann
423 3786 451 3840 in
471 3786 565 3840 libello
584 3805 669 3858 quem
686 3789 722 3843 de
740 3789 856 3843 Abdera
874 3789 1045 3859 peculiarem
1064 3789 1176 3858 scripsit
1195 3789 1402 3856 (Gesammelte

249 3859 479 3927 Abhandlungen
492 3874 519 3928 p.
536 3861 596 3926 109)
614 3858 654 3913 ita
671 3869 767 3914 tamen
786 3870 816 3915 ut
835 3860 961 3914 crederet
980 3860 1018 3914 ad
1036 3859 1175 3941 Apollinis
1194 3860 1309 3928 cultum,
1323 3859 1401 3914 cuius

250 3931 340 4001 figura
357 3930 385 3983 in
404 3928 498 3983 numis
510 3929 693 3984 Abderitanis
710 3939 808 3997 exstet,
822 3947 906 4000 posse
923 3947 988 3986 eum
1000 3941 1149 4000 pertmere.
1187 3930 1352 3984 Lactantius
1365 3930 1403 3984 ad

251 4003 323 4058 Stat.
344 4000 434 4055 Theb.
456 4018 482 4055 x.
501 4013 562 4069 793,
582 4000 683 4055 citatus
702 4018 720 4055 a
739 4002 837 4056 Const.
856 4001 988 4069 Fanensi,
1007 4002 1132 4056 lustrare
1150 4000 1239 4071 inquit
1257 4003 1404 4068 ciuitatem

248 4073 376 4128 humana
387 4071 480 4126 laertia
491 4072 619 4126 Gallicus
630 4089 690 4126 mas
697 4077 744 4126 est.
772 4089 840 4126 uam
853 4073 959 4143 aliquis
970 4073 1004 4126 de
1015 4074 1200 4142 egentissimis
1207 4073 1406 4141 pellr‘m'ebatur

244 4145 384 4215 praemiis
396 4149 430 4197 ut
440 4160 469 4196 se
481 4144 521 4197 ad
529 4142 580 4196 leae
591 4144 727 4197 uenderet.
756 4145 810 4212 qui
819 4160 894 4196 anno
906 4149 964 4197 tata
970 4143 1095 4225 publicis
1105 4143 1264 4212 sumptibus
1275 4143 1407 4197 alebatur

245 4215 415 4286 purioribus
430 4215 505 4269 cibes.
540 4214 659 4282 denique
677 4222 769 4268 certo
785 4219 812 4267 et
829 4215 987 4268 sollemnr
1006 4213 1059 4268 die
1072 4217 1129 4285 per
1143 4219 1231 4268 tetam
1248 4215 1405 4282 ciuitatem,

249 4287 351 4340 ductus
371 4303 408 4338 ex
424 4286 499 4353 urbe,
523 4290 605 4337 ertra
623 4285 755 4354 pomeria
776 4284 864 4338 saxis
889 4285 1062 4339 occidebatur
1082 4303 1101 4337 a
1116 4285 1244 4354 papula:
1269 4283 1346 4338 idern
1369 4285 1406 4339 de

253 4355 479 4411 Massiliensibus
501 4354 586 4409 tradit
612 4354 726 4409 Seruius
751 4355 788 4409 ad
813 4355 944 4410 Aemili.
966 4368 1007 4425 57.
1043 4356 1118 4410 Vide
1139 4355 1344 4410 Buechelerum
1367 4355 1405 4409 ad

253 4428 365 4481 Petron.
376 4428 407 4481 fr.
418 4426 435 4481 i.
471 4425 592 4480 Athenis
606 4435 700 4480 autem
713 4427 864 4496 φαρμακοὺς
876 4425 947 4480 duos
961 4425 1133 4481 sacrificatos
1145 4426 1231 4480 fuisse
1244 4425 1407 4494 Thargeliis

251 4508 363 4553 constat
382 4516 416 4551 ex
431 4496 516 4551 Arist.
531 4499 585 4567 Eq.
602 4511 677 4564 1140,
691 4498 763 4550 Ran.
777 4510 843 4564 733:
863 4498 898 4552 cl.
912 4497 990 4553 Suid.
1004 4507 1032 4553 et
1051 4498 1177 4567 Hesych.
1191 4514 1213 4552 s.
1223 4514 1250 4552 u.
1262 4497 1408 4565 Φορμοκοὶ,
