3038 4988
523 384 870 444 COMMENTARIVS.
1215 388 1270 440 117

119 539 188 607 ἱερὸν
199 544 258 594 νόον
270 539 451 609 ἀνθρώποισιν.
488 547 529 594 To
547 544 589 594 καί
607 543 631 595 oi
650 543 730 613 γῆρας
747 543 793 609 μὲν
808 541 850 594 ε’πὶ
869 540 971 608 δηναιὸν
988 539 1086 608 ἴαλλεν,
1104 539 1150 591 Ἐκ
1167 538 1189 592 δ’
1204 538 1271 593 ἕλετ’

119 610 263 679 ὀφθαλμῶν
275 613 402 681 γλυκερὸν
414 613 483 682 φάος
494 615 548 682 Ap.
564 616 598 668 R.
612 613 637 667 ii.
656 614 783 681 179-184.
846 628 920 675 ,quo
938 615 1150 676 praecipiente
1168 613 1221 680 Ap.
1236 613 1269 666 R.

118 680 144 734 ii.
160 685 283 750 328-329
297 683 383 754 Οἰωνῷ
401 684 431 750 δη
448 684 549 753 πρόσθε
565 683 680 737 πελειάδι
696 682 870 751 πειρήσασθαι
884 684 953 748 Νηὸς
967 682 1188 750 ἀποπρομεθέντες
1202 681 1272 750 ἐφιέ-

117 773 170 819 μεν.
255 755 323 807 266.
343 758 407 808 rati
418 755 504 823 Arge,
518 764 547 808 ut
562 754 767 822 Symplegadas
780 751 931 806 transirent
944 754 1124 821 Argonautae
1140 754 1213 820 Hyg.
1232 767 1270 820 19.

118 823 186 878 267.
208 825 331 888 Quique
353 828 453 879 oeulis
471 829 574 879 caruit
593 826 798 892 Polymnestor.
870 827 951 877 male
972 823 1000 876 in
1023 824 1159 876 damnum
1180 840 1270 878 suurn.

119 908 232 945 aurum
252 895 384 963 Polydori
405 897 475 949 Hec.
493 895 567 948 1206.
675 897 744 948 268.
765 896 901 948 Inferias
922 897 1008 948 dedit
1032 895 1152 947 Hecuba
1174 895 1271 948 oculos

120 964 341 1031 Polymnestoris
367 965 468 1035 quibus
491 975 636 1035 tamquam
662 965 808 1018 immolata
833 964 949 1018 uictima
973 966 1151 1033 placarentur
1172 982 1271 1019 manes

120 1034 258 1101 Polydori.
287 1039 357 1090 Aen.
367 1055 391 1089 x.
404 1049 462 1104 519,
474 1036 521 1090 Sil.
531 1036 565 1090 iv.
576 1051 634 1103 232.
690 1039 758 1090 269.
772 1039 886 1090 Pastor
897 1037 1026 1104 Cyclops
1071 1052 1272 1089 oaeusexcae·

118 1114 213 1157 catum
221 1105 266 1159 iri.
340 1109 408 1162 270.
424 1108 478 1160 Od.
488 1107 522 1160 ix.
535 1108 583 1174 508
596 1108 685 1173 μιίντις
696 1106 759 1175 ἀνὴρ
772 1103 855 1173 inisse
868 1106 947 1177 μέγας
959 1130 987 1160 τε
996 1105 1112 1174 Τήλεμος
1121 1105 1271 1175 Εὐρυμίδης,

118 1173 146 1228 ὃς
163 1174 309 1244 μαντοσύνῃ
327 1176 450 1231 ἐκέκαστο
468 1179 516 1231 Καὶ
532 1180 718 1245 μαντευόμενος
735 1176 861 1265 κατέγηρα
874 1179 1072 1231 Κυκλώπεσσιν.
1105 1175 1153 1231 ‘'Os
1164 1198 1207 1244 μοι
1220 1177 1271 1245 ἔφη

117 1246 178 1298 τάδε
196 1247 278 1298 πάντα
297 1245 499 1315 τελευτήσεσθαι
519 1248 632 1314 ὀπίσσω,
647 1252 744 1317 Χειρῶν
758 1248 788 1313 ἐξ
812 1248 932 1315 Οδυσηος
947 1245 1142 1315 ἁμαρτήσεσθαι
1159 1247 1270 1314 ὀπωπῆς.

117 1317 181 1370 271.
200 1320 363 1371 Phinidae.
397 1318 436 1371 Hi
450 1318 632 1372 nominantur
645 1318 796 1387 Plexippus
814 1328 841 1371 et
856 1317 985 1371 Pandion
997 1318 1128 1386 Apollod.
1143 1316 1180 1371 iii.
1197 1330 1235 1385 15.
1246 1333 1270 1385 3,

118 1387 212 1440 Schol.
223 1387 318 1456 Antig.
330 1388 397 1456 966;
415 1390 553 1442 Crambus
566 1399 594 1442 et
609 1389 776 1452 Parthenius
791 1390 884 1443 Schol.
898 1390 952 1458 Ap.
964 1390 997 1442 R.
1008 1388 1035 1442 ii.
1050 1403 1114 1454 1403
1133 1389 1271 1441 Crambus

117 1467 145 1510 et
174 1458 298 1511 Oarthus
325 1459 499 1528 (Oreithyius
525 1461 657 1513 Welcker
684 1469 711 1513 et
742 1458 856 1528 Bergk.)
888 1460 982 1513 Schol.
1010 1459 1064 1527 Ap.
1091 1461 1125 1513 R.
1150 1458 1178 1513 ii.
1204 1460 1271 1526 1783

118 1528 277 1595 Gerymbus
300 1539 327 1582 et
350 1531 502 1599 Aspondus
528 1531 564 1583 ab
589 1531 677 1584 altero
703 1531 797 1584 Schol.
820 1529 907 1598 Soph.
928 1531 992 1582 Ant.
1015 1530 1087 1597 966;
1117 1546 1162 1597 ap.
1184 1529 1271 1584 Diod.

117 1597 151 1650 iv.
166 1612 209 1664 43.
224 1614 247 1666 3,
264 1601 338 1668 Hyg.
356 1616 387 1669 19
399 1618 503 1654 nomen
518 1601 620 1655 siletur.
658 1605 766 1654 lumen
778 1604 895 1654 ademit
908 1599 1055 1669 ‘deprived
1067 1600 1100 1652 os
1115 1598 1216 1668 sight’;
1236 1600 1270 1659 cf.

118 1669 219 1737 Henry
237 1670 383 1725 Aeneidea
402 1674 482 1725 Tom.
498 1670 525 1724 ii.
539 1688 564 1740 p.
582 1684 639 1739 509.
673 1673 748 1739 Hyg.
765 1686 796 1739 19
808 1671 935 1724 Phineus
951 1689 987 1724 ex
1005 1672 1154 1739 Cleopatra
1172 1670 1273 1726 habuit

108 1740 190 1808 filios
207 1740 284 1794 duos.
322 1743 369 1795 Hi
385 1760 403 1794 a
417 1746 503 1812 patre
520 1759 655 1796 nouercae
672 1743 789 1795 crimine
807 1742 862 1809 (sc.
875 1743 976 1812 φθορᾶς
988 1741 1119 1810 Apollod.
1133 1741 1170 1794 iii.
1188 1754 1227 1809 15.
1241 1741 1269 1808 3)

116 1812 256 1863 excaecati
265 1817 339 1866 sunt.
379 1815 511 1866 Nouerca
526 1813 613 1866 Idaea
626 1813 686 1866 siue
700 1813 850 1866 Eidothea.
911 1814 981 1868 272.
999 1816 1173 1877 Thamyrae
1186 1829 1271 1881 quern

119 1882 220 1934 Musae
232 1883 415 1950 χολωσάμεναι
427 1884 508 1951 πηρὸν
521 1883 601 1936 θέσαν
616 1885 647 1936 ll.
661 1883 688 1936 ii.
705 1896 755 1951 599
772 1883 939 1952 gloriantem
954 1900 984 1936 se
997 1899 1045 1937 eas
1059 1892 1143 1936 cantu
1157 1899 1271 1951 supera·

116 1960 218 2006 turum.
255 1956 426 2007 Demodoci
446 1954 501 2007 Od.
523 1952 578 2007 viii.
602 1954 637 2020 64
659 1951 818 2022 Ὀφθαλμῶν
841 1955 888 2021 μὲν
912 1954 1017 2022 ἄμερσε,
1043 1953 1116 2005 δίδου
1140 1951 1163 2005 δ’
1185 1953 1272 2019 ἡδεῖαν

116 2020 212 2088 ἀοιδήν,
284 2027 354 2079 274.
374 2027 540 2078 Subsecuit
553 2025 651 2078 subtus
665 2024 793 2091 abscidit,
807 2034 837 2078 ut
850 2023 951 2078 aristas
965 2041 1073 2077 messor
1085 2023 1165 2078 falce.
1200 2025 1269 2085 Hes

116 2093 225 2160 Theog.
242 2093 290 2146 162
303 2097 382 2160 Τεῦξε
400 2094 467 2164 μέγα
486 2094 620 2164 δρέπανον,
642 2108 691 2163 179
710 2095 824 2162 δεξιτερῇ
845 2094 873 2146 δὲ
890 2096 1018 2162 πελώριον
1036 2096 1151 2158 ἔλλαβεν
1170 2094 1271 2164 ἅρπην

116 2165 222 2230 Μακρὴν
244 2167 445 2233 καρχαρόδοντα,
464 2166 562 2233 φίλου
580 2164 601 2217 δ’
621 2165 678 2219 ἀπὸ
699 2165 793 2232 μήδεα
814 2167 928 2228 πατρὸς
946 2164 1144 2232 Ἐσσυμένως
1164 2166 1268 2232 ἤμησε.

115 2239 221 2297 partes
234 2235 368 2302 genitalia
380 2240 463 2289 unde
476 2241 600 2290 oreatus
612 2242 680 2290 erat
693 2235 780 2304 patris
792 2235 892 2290 Urani.
964 2239 1032 2292 275.
1050 2240 1160 2290 melior
1173 2235 1270 2305 benig-

115 2302 178 2357 nior
191 2305 262 2359 Stat.
276 2307 329 2360 Th.
343 2305 378 2360 vi.
392 2308 443 2372 278
462 2306 520 2360 Ast
537 2308 618 2361 illarn
637 2308 738 2359 mehor
752 2307 870 2360 Pharios
888 2312 1015 2379 erexerat
1032 2309 1113 2359 aruis
1130 2308 1269 2376 Iuppiter.
1321 2357 1324 2363 .

116 2376 185 2429 276.
204 2379 256 2428 otri
270 2377 346 2444 Ceyx
359 2394 406 2430 rex
420 2377 576 2431 Trachinia
597 2381 720 2432 subitae
737 2395 770 2430 ex
784 2377 877 2432 subita
890 2376 1110 2446 metamorphosi
1125 2378 1171 2432 Tr.
1181 2376 1206 2431 ii.
1218 2380 1270 2446 389

115 2446 405 2501 Fecitamorsuhitas
417 2450 544 2502 uolucres
559 2466 622 2502 curn
637 2450 744 2518 paelice
756 2464 855 2519 regern.
892 2450 990 2502 irater
1003 2448 1181 2502 Daedalion:
1202 2465 1270 2502 narn

115 2516 200 2569 ambo
211 2534 245 2570 ex
256 2517 384 2572 Lucifero
392 2518 451 2572 nati
466 2521 506 2573 M.
517 2519 551 2572 xi.
563 2519 623 2587 296.
653 2519 747 2572 Hicin
758 2518 920 2587 accipitrem
929 2536 1026 2572 uersus
1036 2529 1079 2574 est
1089 2520 1185 2573 dolore
1196 2519 1270 2574 filiae

117 2587 240 2640 Chiones
260 2588 370 2642 occisae
389 2607 407 2643 a
427 2589 522 2643 Diana
543 2592 582 2643 M.
602 2589 636 2643 xi.
656 2602 786 2658 295-345.
829 2606 909 2644 uxor
927 2591 1062 2658 Alcyone,
1082 2607 1154 2659 quae
1173 2590 1269 2644 dolore

117 2657 216 2725 Ceycis
239 2659 323 2712 mersi
347 2660 414 2713 dum
438 2661 565 2731 Delphos
591 2660 715 2729 nauigat,
735 2671 763 2714 et
789 2670 854 2714 ante
880 2659 967 2729 ipsius
992 2662 1088 2714 oculos
1114 2660 1142 2713 in
1164 2671 1269 2717 terram

115 2728 179 2795 acti,
202 2728 230 2781 in
251 2746 333 2782 auem
355 2732 502 2799 alcyonem
521 2732 585 2784 cuni
607 2731 669 2800 ipso
692 2740 800 2784 mutata
821 2741 864 2785 est
886 2733 927 2784 M.
945 2731 980 2785 xi.
998 2732 1129 2798 410-748.
1201 2735 1268 2791 277,

116 2801 241 2853 sollerti
251 2800 409 2869 θΠολυ’μητις
420 2799 566 2856 Ὀδυσσεύς
577 2803 631 2856 Od.
645 2801 672 2855 ii.
687 2815 744 2868 173.
785 2804 887 2855 fraota
900 2802 954 2855 Od.
965 2821 990 2856 v.
1005 2816 1057 2868 370
1069 2799 1119 2856 Ὣς
1131 2803 1175 2869 τῆς
1189 2800 1269 2870 (νηὸς)

115 2868 226 2938 δούρατα
246 2872 330 2939 μακρὰ
350 2870 504 2926 διεσκέδασ’·
532 2873 612 2938 αὐτὰρ
632 2871 779 2926 Ὀδυσσεὺς
795 2871 875 2941 'App'
896 2873 933 2923 ἑνὶ
954 2871 1057 2940 δούρατι
1078 2874 1160 2938 βαῖνε,
1182 2871 1268 2939 κέληθ’

114 2939 149 2994 ὡς
168 2939 246 2993 ἵππον
268 2940 388 2996 ἐλαύνων.
434 2954 436 2958 ’
472 2946 540 2998 278.
561 2946 696 2996 Semeles
718 2958 806 2996 soror
828 2942 932 3009 Κάδμου
953 2942 1065 3010 θυγάτηρ
1088 2942 1269 3011 καλλίσφυρος
1334 2964 1361 2997 .’

114 3008 225 3076 Ἰνὼ,Ἥ
244 3010 267 3080 ρ’
287 3012 395 3079 Ὀδυσῆ’
414 3012 522 3080 ἐλέησεν
540 3013 671 3079 ἀλώμενον
690 3013 744 3066 Od.
762 3031 787 3066 v.
801 3027 860 3079 333,
875 3013 935 3079 336.
972 3013 1030 3065 Sed
1049 3028 1092 3080 ap.
1111 3014 1269 3066 Homerum

116 3082 168 3133 Ino
182 3083 308 3135 nondum
321 3083 410 3137 fracta
423 3094 482 3138 rate
496 3083 645 3146 inducitur.
699 3085 766 3138 279.
787 3098 877 3136 unus.
915 3084 1003 3136 Recte
1018 3083 1114 3136 Const.
1129 3083 1268 3136 Fanensis

114 3151 264 3220 explicauit
290 3153 325 3207 de
352 3154 454 3208 Mettio
480 3154 598 3208 Suffetio
624 3154 695 3206 duce
715 3153 898 3219 Albanorum,
922 3152 968 3222 qui
994 3170 1059 3205 cum
1078 3153 1177 3206 foedus
1203 3170 1268 3206 curn

115 3223 252 3276 Romanis
271 3224 400 3293 rupisset,
413 3226 522 3278 duabus
540 3226 661 3278 admotis
679 3224 828 3293 quadrages
845 3225 876 3276 in
894 3241 997 3276 currus
1014 3240 1113 3276 earum
1130 3224 1270 3277 distentus

114 3293 245 3362 illigatus
257 3300 317 3358 est,·
333 3296 433 3349 derude
449 3297 485 3358 in¹
498 3296 644 3349 diuersum
662 3297 719 3348 lter
731 3297 798 3363 equi
813 3296 951 3362 concitati,
965 3295 1088 3347 lacerum
1100 3296 1132 3347 in
1150 3300 1269 3363 utroque

114 3380 202 3416 curru
223 3369 330 3434 corpus,
351 3383 408 3434 qna
427 3366 607 3419 inhaeserant
626 3366 749 3418 uinculis
770 3366 899 3432 rnenehra,
917 3369 1071 3435 portantes.
1111 3365 1205 3420 Liui.
1226 3368 1267 3421 28.

114 3436 187 3489 280.
205 3439 304 3489 scissa
326 3439 469 3490 ferantur
493 3437 658 3491 scindantur
682 3445 710 3489 et
734 3437 866 3489 ferantur.
974 3438 1040 3490 281.
1064 3439 1120 3499 qui
1133 3438 1268 3504 Regulus.

114 3508 232 3558 redemi
254 3523 287 3559 ex
312 3506 436 3560 hostium
460 3518 609 3575 potestate,
634 3507 777 3577 persoluto
801 3506 892 3576 pretio
919 3508 989 3561 Hor.
1013 3507 1044 3561 C.
1067 3506 1105 3560 iii.
1128 3520 1150 3575 5.
1175 3509 1267 3573 14-18.

114 3577 186 3628 282.
205 3579 344 3631 Puniceo
368 3594 419 3647 pro
440 3579 550 3632 Punico
575 3579 618 3630 ἅπ.
643 3581 709 3646 lep,
735 3576 789 3630 nisi
814 3577 891 3630 idem
917 3588 959 3631 est
985 3578 1061 3647 quod
1085 3579 1214 3632 Poenicio
1239 3578 1268 3632 in

115 3644 239 3715 inscript.
253 3648 373 3716 Agraria
388 3649 418 3702 C.
434 3651 455 3702 I.
472 3651 502 3703 L.
516 3649 533 3702 i.
547 3665 574 3717 p.
588 3649 631 3714 76.
642 3663 656 3700 2
662 3661 684 3716 5,
697 3649 774 3718 quod
788 3649 863 3702 Salu.
878 3648 982 3703 citauit.
1019 3653 1152 3713 pertulit
1167 3649 1225 3703 Cic.
1238 3649 1267 3702 in
1299 3688 1302 3691 -

115 3715 171 3770 Pis.
189 3732 228 3785 19.
241 3732 275 3785 43
295 3720 344 3771 ille
356 3719 399 3772 M.
413 3720 540 3789 Regulus
558 3737 639 3788 quern
652 3719 908 3790 Karthaginienses
925 3720 1035 3772 resectis
1048 3720 1193 3789 palpebris
1210 3722 1268 3773 illi-

108 3792 212 3856 gotum
225 3790 256 3841 in
269 3789 400 3842 maehina
413 3790 561 3859 uigilando
574 3796 750 3844 uocauerunt.
815 3793 887 3843 283.
905 3793 1046 3844 subsidio
1060 3789 1266 3859 opitulaturum.

113 3873 263 3921 praesens
282 3876 400 3913 numen
420 3871 462 3915 est
482 3862 551 3914 deus
571 3861 618 3930 qui
640 3871 758 3915 uocatus
777 3861 858 3914 adest
877 3861 1028 3914 efficaciter
1047 3862 1108 3921 Ecl,
1122 3860 1137 3914 i.
1151 3875 1193 3926 41.
1231 3867 1268 3915 ut

113 3932 162 3982 illi
175 3946 232 3981 non
245 3930 296 3983 fuit
309 3931 443 3984 subsidio.
559 3933 630 3986 284.
650 3935 764 3985 Hercei
777 3933 844 3986 Eur.
858 3932 961 3984 Troad.
979 3931 1009 3984 16
1022 3933 1085 3999 πρὸς
1098 3931 1126 3983 δὲ
1140 3931 1268 3996 κρηπίδων

113 4000 222 4066 βάθροις
240 4003 363 4054 Πέπτωκε
383 4003 499 4070 Πρίαμος
517 4003 594 4068 Ζηνὸς
610 3999 726 4070 Ἑρκείου
743 4001 833 4055 θανών.
882 4001 1012 4054 Tradidit
1033 4001 1062 4055 id
1083 4001 1215 4054 Arctinus
1238 4001 1267 4054 in

115 4070 251 4139 lliupersi.
298 4071 415 4125 Rhoetei
431 4072 507 4141 quod
525 4073 631 4126 habent
651 4071 730 4126 multi
751 4073 827 4125 MSS
846 4070 960 4140 respicit
979 4071 1064 4124 aliam
1085 4071 1210 4124 fabulam
1231 4071 1267 4127 de

113 4141 218 4195 Priami
240 4152 338 4196 morte.
378 4144 456 4196 Seru.
476 4145 548 4197 Aen.
570 4143 597 4196 ii.
619 4144 668 4211 506
687 4144 742 4195 alii
759 4143 859 4195 dicunt
876 4142 954 4210 quod
968 4160 986 4194 a
1004 4140 1117 4209 Pyrrho
1137 4143 1169 4193 in
1187 4142 1267 4195 darno

113 4212 225 4280 quidem
246 4230 299 4266 sun
320 4218 420 4282 captus
439 4219 481 4267 est
499 4215 549 4268 sed
565 4214 606 4267 ad
621 4215 764 4267 tumulum
785 4212 910 4266 Achilles
930 4218 1038 4266 tractus
1055 4213 1211 4280 occasusque
1228 4219 1270 4266 est

113 4284 197 4335 iuxta
215 4285 333 4353 Sigeum
347 4287 585 4353 promunturium
600 4304 606 4350 ;
630 4301 697 4337 nane
716 4285 747 4336 in
766 4283 884 4336 Rhoeteo
902 4282 929 4335 Α
926 4283 986 4350 jan
1001 4283 1128 4352 sepultus
1145 4289 1193 4336 est.
1229 4285 1267 4337 At

115 4354 225 4407 Seneca
246 4355 350 4409 Troad.
376 4370 442 4421 1123
464 4355 493 4408 in
519 4357 648 4409 Rhoeteo
672 4355 811 4408 tumulum
835 4353 952 4406 Achillis
977 4353 1076 4423 ponit:
1104 4369 1167 4406 aras
1190 4362 1217 4406 et
1238 4353 1267 4407 in

114 4424 245 4479 Rhoeteo
264 4435 292 4478 et
311 4425 340 4477 in
361 4425 445 4493 Sigeo
464 4424 550 4479 fuisse
570 4425 649 4479 testis
669 4434 711 4478 est
731 4424 791 4494 ipse
814 4424 934 4477 Ouidius
958 4426 997 4477 M.
1016 4423 1051 4478 xi.
1073 4437 1119 4492 197
1136 4425 1237 4478 allatus
1250 4443 1268 4480 a

115 4494 254 4548 Merkelio
267 4497 393 4549 Dextera
406 4497 492 4568 Sigei,
506 4496 623 4550 Rhoetei
638 4497 721 4551 laeuo
735 4496 876 4567 profundi
886 4495 952 4548 Ara
969 4495 1168 4566 Panomphaeo
1187 4503 1271 4550 uetus·
