3082 4980
579 368 825 431 ennnsnrro.
1038 333 1040 340 ’
1260 370 1289 428 tx

136 529 241 589 stantia
256 538 417 606 occupatae
435 539 540 589 essent.
582 529 695 589 Primus
714 538 814 588 tamen
834 529 977 607 Egnatius
992 548 1019 588 u.
1036 544 1092 607 591
1112 529 1240 590 Comicus
1257 534 1291 586 ut

135 624 252 699 liquidis
280 623 317 683 de
344 623 490 700 Eupolide
523 623 694 682 Atheniensi
729 623 919 700 interpretans
949 623 1049 683 locum
1076 623 1202 683 Platonii
1228 624 1289 695 περὶ

136 720 262 792 διαφορᾶς
280 720 415 789 κωμωδιῶν
428 715 589 797 (Aristoph.
609 717 705 778 Schol.
723 737 751 795 p.
768 719 785 778 i.
804 732 839 793 ²5
855 716 901 779 ed.
917 716 1152 797 Diibner)''lapsu
1168 724 1231 792 γοῦν
1243 719 1289 773 τὸν

136 817 251 870 Εὔπολιν
265 814 307 870 ι’πὶ
319 818 356 890 τῷ
370 815 469 883 διδάξαι
482 813 542 871 τοὺς
555 815 658 871 Βάπτας
674 813 845 887 ἀποπνιγέντα
863 815 900 872 εἷς
920 816 965 883 τὴν
984 814 1122 870 θάλασσαν
1135 813 1177 870 ὑπ’
1193 810 1288 868 ἐκείνου

136 909 173 966 εἷς
186 906 216 962 ὃν
230 908 320 978 καθῆκε
335 908 394 965 τοὺς
408 910 508 965 Βάπτας
522 905 633 979 adtulit,
649 906 701 966 sed
715 916 867 985 tamquam
880 925 918 966 ex
933 905 1137 983 Aristophanis
1152 905 1287 966 scholiis:

137 999 274 1078 idemque
287 1009 365 1060 recte
379 999 548 1075 Idmonaque
561 1001 689 1060 audacem
703 999 789 1080 (504)
802 1000 838 1060 de
852 1010 919 1059 uate
934 1001 1026 1061 fatum
1040 1001 1122 1078 quod
1135 999 1188 1059 sibi
1203 1018 1287 1076 prae-

136 1094 247 1154 uiderat
261 1112 323 1154 non
340 1095 448 1154 uitante
462 1095 628 1179 explicauit.

178 1188 238 1248 Hic
266 1187 428 1249 dicendum
455 1199 498 1248 est
526 1189 563 1249 de
591 1188 706 1249 duobus
740 1190 808 1248 uiris
836 1189 910 1248 Iano
938 1188 1099 1259 Parrhasio,
1128 1188 1285 1248 Francisco

137 1282 260 1355 Alciato,
283 1283 333 1359 qui
354 1282 425 1343 alter
445 1293 624 1361 praeceptor,
650 1283 721 1342 alter
747 1284 912 1360 discipulus,
940 1283 993 1342 sed
1014 1283 1130 1343 diuerso
1152 1282 1214 1360 fato
1235 1283 1287 1355 usi,

138 1377 247 1454 ingenii
269 1378 344 1436 uires
367 1377 397 1435 in
420 1377 594 1454 explicanda
618 1376 703 1437 Ibide
725 1387 923 1438 exercuerunt.
966 1377 1101 1450 Quorum
1122 1377 1289 1436 Parrhasius

138 1471 348 1552 (1470-1534)
373 1470 476 1530 decem
505 1489 541 1528 ex
565 1472 777 1530 obscurissimis
800 1473 881 1545 locis,
907 1491 924 1530 a
948 1471 1081 1531 Domitio
1105 1472 1182 1550 male
1206 1472 1290 1530 intel-

138 1567 238 1637 lectos,
258 1584 327 1623 nam
346 1564 430 1623 huius
449 1564 538 1623 solius
557 1567 799 1624 commentarium
819 1575 951 1637 nouerat,
971 1564 1137 1624 doctissime
1157 1565 1290 1624 tractauit

139 1660 170 1722 in
197 1657 360 1736 Epistulis*
388 1677 462 1736 quas
490 1677 569 1717 anno
598 1663 672 1734 1567
700 1660 749 1719 diu
776 1669 843 1737 post
871 1660 962 1735 ipsius
991 1670 1117 1719 mortem
1142 1658 1290 1718 Henricus

140 1752 306 1830 Stephanus
330 1752 420 1812 edidit
442 1762 472 1813 et
495 1751 648 1813 Ludouico
674 1753 853 1814 Casteluetro
876 1752 1029 1812 dedicauit.
1072 1752 1140 1825 Hic,
1167 1763 1198 1813 ut
1221 1753 1291 1812 nihil

141 1848 237 1907 dicam
260 1847 297 1906 de
319 1847 451 1906 uersibus
472 1865 548 1924 quos
571 1847 759 1907 Constantius
784 1835 890 1908 eodem
918 1846 1009 1907 modo
1038 1848 1201 1924 explicabat
1230 1862 1290 1922 520

140 1939 209 2000 Non
223 1942 401 2018 prros‘ecturae
420 1942 543 1999 conditor
562 1942 700 2013 historiae,
724 1954 782 2018 573
806 1941 889 2017 quue
902 1948 1012 2017 patrem
1033 1941 1209 2013 Psamathes,
1231 1944 1289 2016 615

144 2033 337 2111 Obstructoque
348 2037 469 2114 Jizmem,
496 2050 554 2111 305
578 2035 709 2112 Nataque
732 2043 765 2094 ut
785 2035 932 2105 Aeacidae,
958 2053 1038 2095 noua
1063 2053 1097 2094 ac
1120 2037 1291 2114 plerumque

140 2153 209 2193 uera
229 2134 387 2210 disputauit
408 2133 445 2193 de
465 2132 509 2192 his
527 2133 600 2193 locis
616 2134 769 2211 Phaylleae
788 2148 856 2208 502,
879 2134 969 2197 Vnum
987 2136 1107 2210 quitata
1128 2153 1185 2210 344
1201 2153 1291 2212 quem

141 2229 178 2287 de
199 2229 290 2287 Aiace
311 2229 513 2304 interpretatus
537 2238 589 2300 est,
614 2248 671 2304 319
695 2229 759 2287 Aut
778 2236 811 2287 ut
832 2228 978 2287 Atarnites
998 2246 1088 2305 quem
1112 2228 1149 2287 de
1175 2220 1291 2306 Pactye,
1317 2216 1320 2233 ¹

143 2341 201 2398 499
217 2321 323 2381 Inueda
342 2341 371 2381 se
388 2322 506 2397 scopulis
520 2339 608 2400 quern
624 2322 660 2382 de
675 2323 813 2399 Aglaum,
830 2336 886 2397 517
907 2321 1035 2399 Quodque
1037 2324 1146 2400 ferunt
1157 2323 1291 2383 Brotean.

141 2416 221 2476 Nam
241 2416 418 2488 Parrhasius,
438 2416 534 2476 iudice
555 2416 595 2475 H.
620 2416 777 2494 Stephano,
797 2436 866 2493 prae
885 2417 988 2476 ceteris
1006 2417 1065 2477 fere
1085 2418 1223 2477 omnibus
1242 2419 1293 2494 qui

33 2538 36 2543 ·
140 2519 243 2587 poetas
263 2511 480 2569 commentariis
500 2511 694 2583 inlustrarunt,
715 2521 744 2570 et
764 2512 844 2571 uaria
866 2511 998 2571 doctrina
1019 2519 1047 2570 et
1068 2510 1176 2571 iudicio
1198 2522 1227 2570 et
1249 2512 1293 2570 in·

141 2604 229 2680 genio
258 2614 287 2663 et
313 2605 455 2663 memoria
479 2604 576 2676 ualuit,
599 2605 725 2683 limaque
747 2605 893 2665 exactiore
918 2624 987 2664 usus
1012 2615 1064 2665 est.
1107 2605 1166 2665 Sed
1191 2607 1292 2682 iniqua

142 2707 218 2756 sorte
241 2698 362 2757 iactatus
387 2698 417 2757 in
439 2716 554 2758 summa
576 2700 696 2775 penuria
715 2700 847 2771 decessit,
870 2710 899 2759 et
920 2700 1025 2758 eodem
1046 2709 1118 2759 teste
1141 2699 1292 2776 Stephano

141 2801 292 2869 tamquam
313 2811 388 2852 unus
410 2812 426 2853 e
446 2794 708 2870 grammatistarum
728 2812 818 2871 grege
839 2793 954 2853 habitus
974 2803 1018 2852 est
1038 2794 1134 2854 donec
1153 2795 1244 2853 tribus
1264 2805 1293 2853 et

141 2887 258 2964 triginta
272 2898 340 2963 post
354 2888 438 2946 annis
452 2888 545 2947 editae
560 2888 699 2964 epistulae
712 2889 786 2947 inter
799 2888 990 2965 peritissimos
1000 2887 1154 2947 Romanae
1165 2907 1292 2966 poeseos

143 2981 332 3058 explicatores
346 2981 424 3041 hunc
439 3000 502 3042 esse
517 2983 708 3058 peruicerunt.
751 2973 894 3041 Parrhasii
915 2981 1029 3040 auditor
1044 2982 1175 3041 Alciatus
1190 2982 1292 3060 quanti

107 3159 110 3164 Ι
143 3075 209 3133 Ibin
227 3074 359 3136 habuerit
378 3075 464 3135 docet
482 3076 554 3136 liber
566 3076 784 3135 Emblematum
804 3076 853 3152 qui
873 3093 927 3152 pro
941 3075 1038 3134 Embl.
1054 3080 1091 3150 87
1108 3077 1174 3135 Ibin
1195 3077 1291 3148 habet,
1385 3124 1389 3132 .

143 3169 252 3228 docent
266 3189 340 3248 quae
356 3171 386 3229 in
400 3170 533 3247 Parergis
547 3169 621 3229 luris
636 3188 736 3246 sparsa
753 3170 883 3228 enotauit
896 3169 933 3228 de
948 3170 1097 3228 carmine:
1120 3187 1144 3228 e.
1157 3189 1185 3247 g.
1200 3172 1235 3229 vi.
1254 3189 1289 3229 21

144 3262 388 3342 duas'proposuit
409 3264 617 3341 explicationes
641 3282 669 3322 u.
693 3275 749 3338 471
776 3269 808 3321 ut
830 3264 880 3320 cui
901 3268 1048 3320 matertera
1072 3259 1170 3334 Mara,
1193 3264 1230 3322 ix.
1255 3283 1292 3339 ²3

144 3356 255 3415 Achaei
265 3358 295 3416 in
311 3376 368 3433 ²99
383 3357 419 3416 de
434 3357 567 3417 Histiaeo
582 3356 708 3429 Milesio,
724 3356 873 3434 Syracose'o
880 3362 974 3432 poetae
989 3370 1047 3432 549
1063 3355 1099 3415 de
1115 3357 1292 3418 Theocriteo

143 3450 192 3509 illo
207 3451 257 3528 qui
272 3469 303 3509 se
318 3451 469 3528 suspendit
481 3461 600 3529 propter
614 3470 745 3511 amorem
759 3451 849 3528 pueri,
863 3469 891 3510 x.
908 3470 925 3523 4
941 3448 1050 3527 Sparsa
1058 3461 1113 3527 per
1126 3451 1294 3512 Ambracias

146 3544 182 3604 de
197 3544 396 3622 Neoptolemo
411 3565 447 3604 ex
462 3545 542 3624 Hyg.
562 3565 618 3622 123
633 3547 834 3623 interpretatus
849 3554 901 3606 est.

187 3640 276 3698 Anno
295 3653 372 3714 1550
388 3639 523 3716 Micyllus
540 3641 571 3698 in
587 3641 672 3700 tertio
689 3640 823 3700 editionis
838 3638 938 3700 Ouidii
957 3640 1105 3698 uolumine
1121 3641 1187 3699 Ibin
1202 3642 1295 3718 publi·
1355 3661 1357 3665 ’

145 3733 221 3792 cauit
239 3751 306 3791 cum
324 3734 543 3793 commentaria.
586 3733 646 3793 Hic
666 3734 773 3793 multos
792 3735 923 3810 priorum
942 3752 1053 3793 errores
1068 3734 1190 3805 sustulit,
1205 3737 1295 3796 multa

145 3845 225 3886 noua
235 3826 353 3887 addidit.
383 3825 443 3898 Qui
453 3845 633 3905 quamquam
643 3839 710 3904 post
723 3828 870 3905 Saluagnii
882 3828 1040 3888 editionem
1051 3831 1141 3888 rarius
1153 3830 1296 3903 laudatur,

144 3939 207 3980 non
226 3940 319 3998 pauca
336 3922 491 3998 occupauit
506 3940 580 3998 quae
599 3922 666 3980 huic
686 3922 858 4000 plerumque
877 3922 1073 3999 adsignantur.
1118 3922 1165 3982 Sic
1184 3925 1296 4000 primus

145 4033 183 4075 ex
207 4014 252 4075 ed.
276 4014 390 4074 Veneta
414 4016 562 4076 reuocauit
586 4017 702 4074 thermis
727 4026 799 4092 rpem
826 4018 893 4089 256,
919 4017 1053 4092 quamuis
1076 4016 1106 4074 id
1132 4017 1240 4076 tardius
1264 4019 1294 4077 in

145 4109 287 4169 editiones
315 4109 485 4185 peruenerit,
511 4119 598 4186 atque
622 4109 711 4194 etiam
739 4110 769 4167 in
797 4108 842 4168 ed.
869 4108 946 4167 Dan.
976 4106 1091 4167 Heinsii
1119 4111 1190 4167 anni
1219 4113 1295 4187 1629

146 4213 310 4262 monstrum
324 4201 393 4261 illud
404 4204 506 4261 r'rurme
514 4211 608 4279 pateus
619 4212 795 4279 compareat.
825 4202 909 4261 Idem
920 4202 1055 4278 Micyllus
1066 4210 1179 4278 cognato
1189 4207 1297 4263 nomine

147 4316 203 4371 301
221 4298 258 4358 de
272 4295 409 4356 Aeacidis
428 4297 629 4373 interpretatus
647 4307 706 4368 est;
731 4309 786 4371 397
804 4295 920 4354 Thrasii
939 4313 1049 4354 nomen
1069 4297 1225 4370 reuocauit,
1241 4317 1295 4375 pro

343 4443 357 4476 *
374 4442 423 4489 Iani
435 4440 545 4488 Parrhasii
557 4441 626 4488 Liber
638 4441 745 4517 derebus
755 4456 795 4501 per
807 4440 927 4501 epistolam
940 4429 1055 4503 quaesitis.
