3082 4980
205 373 233 432 vi
664 366 910 428 PRAEFATIO.

206 529 418 591 reuiuiscebant
446 526 564 598 litterae,
596 526 673 586 circa
704 539 894 600 1440-1500.
945 525 1037 584 Italos
1065 533 1144 585 certe
1172 524 1230 584 hoc
1261 525 1359 585 studio

206 624 346 685 exarsisse
364 622 482 683 saeculo
503 640 542 681 xv
558 639 620 679 non
644 638 720 680 unus
745 621 825 679 testis
847 629 898 679 est
941 619 1029 679 Velut
1057 619 1128 679 Pius
1152 616 1358 693 Bononiensis,

206 718 365 795 discipulus
387 716 514 793 Philippi
538 712 683 785 Beroaldi,
707 716 738 772 in
762 711 874 773 Annot.
900 712 1010 773 Poster.
1036 732 1100 790 cap.
1129 731 1163 772 12
1191 714 1359 791 explicatio·
1390 748 1394 754 ·

206 834 275 874 nem
296 815 341 873 Ib.
359 826 416 888 295
437 828 527 889 quam
544 809 580 869 de
597 810 742 869 Pausania
761 809 809 868 uel
827 808 953 869 Crateua
974 808 1120 885 duplicem
1141 810 1267 886 protulit,
1288 827 1306 868 a
1327 827 1359 867 se

206 910 271 986 ipso
296 909 447 967 inuentam
472 904 550 976 dicit,
575 905 628 964 etsi
652 912 720 962 ante
745 921 813 961 eum
838 901 954 962 Codrus
977 902 1183 979 publicauerit;
1212 904 1294 962 cuius
1318 903 1360 962 rei

206 1013 310 1062 testem
325 1003 392 1062 citat
406 1000 519 1059 Lucam
533 998 758 1075 grammaticum
769 996 923 1057 Bononiae
938 1016 1000 1057 non
1014 996 1199 1058 incelebrem.
1241 996 1301 1057 Hic
1316 1006 1360 1056 est

206 1097 322 1156 Codrus
345 1094 558 1165 Herberiensis,
584 1110 672 1170 quem
697 1109 766 1152 cum
790 1091 948 1151 Laurentio
971 1092 1124 1152 Abstemio
1148 1093 1250 1151 multas
1273 1094 1361 1150 ernsce

206 1193 324 1251 nemorzi
339 1192 430 1270 feras
456 1189 598 1260 domuisse,
627 1188 714 1245 multa
738 1189 865 1245 senticeta
888 1187 1034 1245 collucasre
1057 1186 1142 1246 tradit
1170 1185 1360 1246 Constantius

206 1284 349 1345 Fanensis
374 1283 571 1359 Hecatostyos
595 1300 621 1340 c.
642 1282 680 1339 11.
723 1280 833 1341 Prodiit
856 1278 901 1340 is*
924 1280 997 1340 liber
1021 1280 1095 1339 Fani
1120 1298 1198 1340 anno
1224 1278 1358 1352 MDVII,

206 1380 281 1439 inter
308 1379 363 1437 alia
394 1378 477 1436 locos
505 1375 789 1452 Metamorphoseon
817 1383 846 1434 et
877 1374 968 1435 Ibidis
995 1385 1132 1436 tractans.
1182 1375 1359 1452 Insequente

207 1491 287 1532 anno
311 1473 389 1532 idem
416 1471 606 1531 Constantius
631 1469 777 1547 peculiare
801 1469 975 1546 opusculum
999 1469 1077 1529 aliud
1102 1468 1191 1530 edidit
1215 1469 1297 1541 Fani,
1323 1468 1360 1528 In

206 1567 274 1626 Ibin
296 1565 395 1627 Ouidii
420 1565 600 1626 Sarritiones.
651 1564 710 1623 Hic
734 1581 809 1641 quos
830 1564 898 1624 dicit
920 1563 987 1622 Ibin
1011 1573 1079 1623 ante
1102 1583 1134 1624 se
1157 1564 1360 1641 interpretatos

205 1660 236 1719 hi
259 1672 336 1721 sunt.
386 1661 534 1721 Domitius
555 1658 728 1720 Calderinus
744 1658 924 1718 Veronensis
948 1658 1093 1736 integrum
1118 1677 1237 1717 carmen
1258 1657 1358 1718 addito

207 1754 342 1814 Martiale
362 1754 451 1814 edidit
471 1773 540 1813 cum
561 1754 773 1813 commentario
787 1752 918 1813 Venetiis
940 1771 1019 1812 anno
1041 1769 1125 1828 1474.
1170 1753 1216 1812 De
1237 1752 1359 1812 Domitii

206 1849 418 1909 commentario
448 1848 587 1908 iudicium
618 1847 686 1907 fecit
718 1847 878 1907 Politianus
910 1846 1032 1907 Miscell.
1062 1848 1099 1919 ix,
1129 1846 1254 1907 edidisse
1284 1865 1359 1924 quae

205 1943 303 2002 bonae
324 1943 415 2019 frugis
436 1951 532 2001 essent
556 1941 606 2000 ubi
631 1959 692 2000 non
717 1940 818 2001 fucum
841 1941 950 2001 faceret
973 1951 1001 2000 et
1024 1941 1140 2001 lectoris
1162 1940 1359 2001 credulitatem

204 2035 415 2096 ludificaretur:
448 2036 539 2093 multa
567 2045 666 2093 tamen
694 2035 724 2092 in
753 2052 790 2093 eo
815 2053 893 2093 uana
920 2034 1097 2114 ridiculeque
1123 2035 1298 2095 confinxisse
1323 2054 1359 2095 cx
1433 2066 1436 2074 ι

205 2139 337 2206 tempore
360 2128 578 2206 commodoque
603 2145 657 2186 suo
672 2125 773 2207 (lxxv).
816 2128 884 2201 Qua
906 2130 936 2187 in
957 2149 987 2190 re
1009 2131 1156 2190 Domitius
1181 2147 1359 2207 quamquam

207 2224 427 2284 excusationem
448 2223 551 2282 habuit
572 2222 602 2280 in
623 2223 743 2282 uetustis
766 2223 882 2283 scholiis
907 2224 1012 2301 quibus
1033 2225 1115 2301 paria
1136 2224 1224 2283 inlata
1247 2224 1360 2283 fuerant

206 2317 371 2390 mendacia,
390 2315 469 2376 dedit
483 2317 651 2392 exemplum
668 2317 749 2395 quod
770 2319 861 2376 secuti
881 2319 1056 2378 recentiores
1071 2318 1137 2378 Ibin
1158 2319 1236 2377 falsis
1257 2318 1360 2377 fabulis

206 2430 268 2471 non
293 2429 359 2470 raro
385 2411 622 2470 dehonestamnt.
675 2411 827 2484 Quantum
854 2412 900 2471 his
928 2412 1071 2472 dissimilis
1099 2414 1161 2491 ipse
1183 2412 1358 2472 Politianusl

206 2515 349 2584 quantum
369 2505 521 2583 Philippus
540 2503 700 2564 Beroaldus
722 2506 789 2566 fuitt
833 2505 969 2578 Quorum
991 2507 1038 2567 hic
1059 2509 1090 2566 in
1112 2507 1360 2566 Annotationibus

207 2601 336 2661 Centum
358 2599 432 2659 duos
451 2600 533 2659 locos
550 2617 587 2658 ex
605 2598 687 2659 Ibide
703 2613 759 2675 591
777 2610 805 2660 et
822 2605 879 2676 389
895 2601 1006 2677 optime
1025 2603 1227 2679 interpretatus
1244 2610 1296 2672 est,
1313 2600 1359 2660 ille

206 2695 411 2773 grauissimum
425 2693 565 2753 mendum
580 2694 660 2772 quod
677 2698 735 2769 569
748 2695 905 2772 antiquitus
919 2696 1064 2756 insederat
1077 2716 1180 2773 agenor
1194 2696 1360 2757 doctissime

207 2809 243 2848 ex
266 2788 392 2863 Odyssia
413 2788 587 2849 emendauit.
639 2789 755 2847 Praeter
776 2789 830 2847 hos
852 2800 881 2848 et
897 2791 981 2848 Pium
1003 2791 1128 2850 citantur
1148 2811 1166 2850 a
1187 2792 1360 2851 Constantio

206 2884 321 2943 Urceus
336 2881 452 2944 Codrus
466 2883 505 2942 ad
514 2881 700 2958 Amyntiaden
712 2896 781 2958 295,
796 2883 978 2959 Eurydamas
993 2904 1061 2960 331,
1077 2887 1175 2962 dispar
1187 2887 1277 2944 cultus
1292 2887 1360 2961 346,
1396 2872 1399 2876 ’

206 2978 303 3037 Rima
325 2985 351 3036 et
374 2977 487 3038 Cereris
512 2996 580 3051 419,
601 2984 628 3036 et
646 2977 746 3036 arbore
769 2984 865 3036 natum
892 2992 968 3054 503:
997 2978 1170 3039 Laurentius
1194 2980 1360 3038 Abstemius

207 3071 353 3152 (Lorenzo
381 3070 570 3149 Bevilacqua)
599 3070 817 3144 Maceratensis,
843 3073 881 3131 ad
908 3071 1041 3149 Nataque
1068 3081 1101 3132 ut
1126 3073 1263 3132 Aeacidae
1292 3087 1360 3149 305,

207 3169 271 3227 dux
289 3167 401 3226 Poe'nus
419 3169 488 3242 389,
508 3165 639 3224 Inclusus
655 3184 740 3224 cauea
758 3179 827 3241 519,
849 3166 885 3225 Vt
896 3177 972 3243 puer
985 3167 1169 3245 Harpagides
1185 3182 1252 3243 545.
1295 3168 1361 3228 Fuit

207 3262 254 3321 hic
268 3261 441 3320 Laurentius
462 3270 545 3337 pater
565 3259 682 3319 Nicolai
704 3261 848 3319 Abstemii
870 3261 917 3319 cui
940 3261 1112 3321 Sarritiones
1133 3279 1201 3321 suas
1215 3261 1361 3321 0111111Ι

207 3361 263 3420 tius
287 3359 440 3431 dedicauit,
463 3359 516 3430 uir,
542 3359 650 3418 eodem
673 3367 746 3416 teste
769 3357 953 3430 Constantio,
974 3367 1060 3419 extra
1081 3379 1182 3419 omnem
1204 3362 1310 3438 ingenii
1328 3380 1362 3420 ac

208 3456 346 3513 doctrz’nae
360 3453 448 3512 aleam
462 3452 584 3531 positus,
595 3450 783 3528 edideratque
797 3454 894 3511 multis
907 3455 992 3512 annis
1006 3465 1072 3514 ante
1087 3473 1176 3531 quam
1189 3454 1361 3514 Sarritiones

208 3549 238 3605 in
252 3546 348 3606 lucem
362 3546 512 3622 prodirent
522 3537 646 3603 ‘libellum
664 3555 748 3620 prope
764 3565 879 3605 aureum
894 3547 924 3604 in
939 3566 999 3624 quo
1014 3558 1149 3625 quattuor
1169 3549 1251 3608 locos
1273 3548 1362 3608 Ibidis

208 3641 372 3717 exposuit.†
414 3638 518 3716 Longe
540 3647 639 3698 tamen
657 3639 760 3698 melius
776 3640 840 3717 ipse
855 3640 1046 3701 Constantius
1063 3643 1100 3702 de
1115 3641 1224 3703 Ouidio
1243 3645 1362 3703 meritus

208 3745 253 3794 est
274 3734 304 3792 in
325 3733 471 3810 opusculis
493 3751 568 3810 quae
590 3750 677 3808 supra
697 3735 866 3806 memoraui,
884 3753 1010 3811 quorum
1031 3737 1198 3812 exemplum
1215 3733 1299 3816 (liber
1318 3747 1362 3797 est

208 3826 311 3907 rarior)
325 3837 441 3904 praesto
456 3827 526 3885 mihi
541 3827 594 3886 fuit
608 3827 816 3886 commodante
831 3828 855 3887 I.
866 3828 1005 3906 Bywater.

250 3919 321 3980 Non
345 3920 419 3998 sugit
441 3922 545 3981 doctos
569 3921 646 3980 circa
669 3920 737 3980 Ibin
762 3923 918 3999 praeprue
941 3924 1050 3983 uersari
1073 3924 1302 3984 controuersiam
1325 3925 1362 3985 de

99 4099 105 4106 p
207 4016 247 4077 L.
265 4015 386 4076 Caecilii
400 4013 567 4074 Mrnutiani
577 4013 1084 4096 ApuleiiGrammaticisragmentir
1101 4020 1133 4077 de
1150 4017 1362 4097 Orthograpiria

242 4151 257 4185 *
275 4150 476 4199 Collectaneorum
488 4150 627 4213 Hecatostys
636 4150 713 4198 Prima
726 4151 845 4198 Hadriano
857 4151 972 4200 Cardinali
984 4153 1068 4200 dicata.
1096 4153 1162 4204 Fani.
1173 4154 1248 4201 Nonis
1260 4154 1363 4214 Septem·

208 4215 285 4262 bribus
306 4217 412 4280 MDVII.
445 4217 582 4277 Insequente
602 4231 664 4263 anno
681 4217 756 4265 editae
774 4226 828 4265 sunt
845 4219 875 4265 ab
894 4219 977 4266 eodem
998 4219 1135 4268 ConstantIo
1154 4219 1210 4266 Fani
1231 4220 1262 4267 xii
1282 4220 1362 4268 Galen.

210 4281 325 4338 Quintiles
337 4282 444 4329 MDVlIl
456 4283 483 4329 ln
496 4283 546 4329 Ibin
559 4282 636 4328 Ouidii
649 4283 795 4333 Sarritiones.

241 4345 260 4403 †
277 4345 338 4394 Libri
356 4349 401 4395 duo
417 4350 446 4397 de
463 4349 599 4408 quibusdam
616 4349 672 4395 locIs
688 4351 794 4406 obscuris,
806 4348 916 4404 Veneriis,
928 4351 976 4398 sine
992 4349 1158 4413 significatione
1174 4351 1236 4399 anni,
1271 4350 1362 4398 Liberl

209 4411 282 4458 editus
299 4419 332 4459 est
349 4413 373 4459 in
390 4414 482 4461 Gruteri
499 4414 616 4474 Lampade
628 4414 680 4474 itp.
693 4414 748 4476 878.
782 4414 884 4462 Praefuit
901 4415 1055 4463 bibliothecae
1067 4416 1138 4463 Guidi
1150 4416 1234 4463 Vbaldi
1246 4415 1362 4464 Vrbinatis

209 4476 271 4523 ducis
283 4477 360 4537 ibique
372 4479 555 4526 Grammaticam
567 4479 654 4529 docuit.
