3082 4980
234 412 294 451 xxx
644 387 974 449 PROLEGOMENA.

235 546 346 627 (Isidis)
361 550 490 607 maiestas
512 547 671 605 medicauit
688 564 756 605 non
777 547 877 606 habet
898 547 1011 606 locum
1032 567 1113 606 casus
1130 550 1254 626 infestus.
1300 547 1390 620 Quae

234 631 333 690 omnia
347 629 384 689 ad
395 629 480 688 Isidis
491 628 682 688 caerimonias
696 629 848 705 pertinere,
860 646 935 705 quae
949 628 1126 705 discerptum
1141 647 1248 706 corpus
1263 628 1390 689 Osiridis

233 712 386 770 inueniens
400 729 435 770 ac
455 710 598 786 sepeliens
618 710 774 785 quotannis
792 709 912 768 inducta
930 709 975 780 sit,
990 727 1051 768 non
1072 720 1116 770 est
1137 710 1217 787 quod
1237 728 1389 770 moneam.

236 793 355 870 Optime
382 792 420 851 ad
446 809 508 850 rem
536 790 604 850 facit
628 791 769 850 Firmicus
793 790 944 849 Maternus
971 811 986 850 2
1013 791 1077 851 Hoc
1100 790 1215 870 (idolum
1247 791 1390 871 Osiridis)

234 877 338 934 annuis
351 874 468 931 luctibus
479 874 624 948 plangunt,
638 874 746 930 radunt
759 874 858 948 capeto,
873 879 906 930 ut
925 875 1110 932 me'serandum
1133 892 1226 932 casum
1247 876 1323 950 reges
1340 876 1395 932 sui

235 957 405 1031 turpitudine
424 955 591 1012 dehonestati
607 954 723 1026 defleant
739 956 846 1029 capitas,
865 956 987 1012 tundunt
999 963 1102 1030 pectus,
1120 955 1246 1013 lacerant
1264 957 1390 1028 lacertos,

235 1047 388 1095 ueterum
417 1037 594 1093 uulnerum
623 1045 782 1094 resecant
809 1036 995 1106 cicatrices
1021 1043 1054 1095 ut
1079 1039 1182 1095 annuis
1209 1036 1328 1094 luctibus
1356 1039 1390 1094 in

235 1119 339 1176 aurinis
351 1136 444 1175 eorum
447 1119 581 1196 funestae
594 1136 628 1174 ac
641 1117 813 1175 miserandae
826 1119 900 1174 neces
912 1120 1032 1176 exitium
1048 1115 1238 1176 renouatum*

278 1199 391 1258 Rursus
412 1198 481 1257 nihil
501 1199 532 1255 in
553 1198 598 1256 his
619 1198 732 1274 scriptis
754 1198 869 1274 saepius
889 1200 1016 1274 reperias
1037 1218 1127 1276 quam
1148 1209 1179 1257 ut
1197 1199 1340 1275 naufrago
1354 1217 1390 1259 se

235 1290 322 1358 poeta
341 1279 491 1339 adsimilet.
532 1278 621 1338 Trist.
636 1280 654 1338 i.
671 1281 697 1338 6.
715 1294 730 1355 7
751 1278 795 1337 Tu
803 1281 889 1356 facis
910 1286 943 1337 ut
959 1283 1076 1357 spele'um
1095 1300 1150 1340 non
1162 1282 1224 1351 sim,
1239 1300 1286 1338 nec
1298 1282 1392 1339 nuder

235 1362 271 1420 ab
292 1362 352 1419 illis
371 1361 542 1442 Naufragii
557 1361 665 1419 tabulas
684 1362 737 1436 qui
751 1363 850 1436 petiere
868 1363 928 1419 mei.
949 1362 984 1421 iv.
1001 1378 1027 1436 5.
1048 1365 1065 1420 6
1083 1361 1143 1433 Qui
1159 1365 1265 1421 ueritus
1285 1381 1340 1420 non
1360 1382 1391 1421 es

229 1450 332 1520 portus
355 1446 464 1518 aperire
480 1443 578 1519 fideles
599 1441 731 1499 Fulmiru
747 1453 896 1518 percussae
919 1446 1131 1523 corfugzumque
1152 1447 1218 1502 rati.
1239 1462 1265 1502 v.
1286 1462 1389 1520 11.13
1408 1443 1420 1455 ‘

239 1524 350 1596 Quassa
364 1532 451 1583 tamen
466 1531 560 1582 nostra
573 1531 618 1595 est,
634 1543 791 1598 nonmersa
806 1542 853 1582 nec
865 1523 963 1583 obruta
972 1528 1082 1600 puppis,
1105 1526 1188 1600 thue
1205 1532 1281 1583 earet
1290 1533 1390 1600 portu,

236 1609 277 1665 sic
297 1613 387 1664 tamen
406 1613 503 1665 exstat
521 1608 610 1680 aquis.
625 1624 650 1663 v.
668 1625 695 1679 9.
714 1619 748 1680 17
763 1605 1017 1686 Naufragiumque
1035 1626 1123 1664 meum
1142 1608 1246 1665 tumulo
1259 1608 1394 1682 spectarit

237 1689 272 1745 ab
286 1689 349 1759 alto,
363 1688 426 1748 Nec
445 1689 550 1745 dederit
567 1689 652 1745 nanti
662 1696 717 1763 per
727 1689 813 1766 freta
833 1706 917 1744 saeua
936 1707 1058 1746 manum.
1080 1688 1197 1748 Ponti.
1215 1706 1240 1747 2.
1256 1690 1291 1746 61
1309 1688 1391 1746 credo

237 1769 344 1828 Mollia
367 1771 536 1848 naufragiis
559 1771 644 1827 litora
662 1778 739 1843 posse
764 1771 837 1826 dari.
861 1771 888 1826 6.
905 1789 952 1844 33,
974 1770 999 1827 ii.
1018 1790 1043 1845 3.
1062 1773 1099 1829 28
1117 1769 1156 1828 In
1176 1772 1273 1828 mediis
1293 1771 1389 1828 lacera

236 1870 307 1909 naue
320 1852 462 1926 relinquor
471 1853 560 1925 aque's.
574 1851 610 1909 iv.
626 1869 671 1922 14.
685 1869 719 1907 21
733 1849 786 1908 Ad
792 1856 891 1908 ueteres
904 1853 1025 1927 scopulos
1039 1855 1137 1911 iterum
1151 1853 1274 1909 deuertor
1287 1858 1313 1909 et
1321 1853 1390 1909 ellus

237 1932 275 1990 In
295 1932 395 2006 quibus
415 1932 528 2009 effendit
545 1934 690 2010 naufraga
705 1934 811 2008 puppis
831 1937 944 2006 aquas?
984 1931 1022 1991 Et
1037 1935 1094 1992 hoc
1114 1934 1144 1991 in
1158 1933 1237 1992 Iside
1251 1933 1389 2009 frequens

237 2023 289 2086 est,
305 2015 387 2072 cuius
400 2015 430 2071 in
444 2014 533 2071 tutela
547 2031 638 2071 naues
658 2023 757 2086 erant;
779 2013 858 2072 unde
879 2014 909 2071 in
930 2032 1041 2090 pompa
1061 2015 1123 2074 eius
1143 2015 1293 2091 nauigium
1314 2014 1389 2073 fere·

237 2096 329 2165 batur,
341 2104 369 2153 et
383 2093 591 2170 naufragorum
606 2095 722 2153 notiuae
737 2095 851 2153 tabulae
865 2095 896 2152 in
910 2096 983 2154 aede
998 2096 1257 2172 suspendebantur.
1285 2095 1389 2155 quen.

237 2176 285 2234 xii.
303 2179 340 2233 28
357 2178 476 2251 pictores
488 2178 551 2250 quis
570 2178 656 2233 nescit
670 2176 705 2234 ab
718 2175 795 2234 Iside
810 2179 915 2251 pasci?
950 2176 1008 2236 Sed
1023 2179 1095 2236 etin
1109 2176 1220 2253 hymno
1235 2177 1321 2236 Isidis
1340 2197 1388 2254 ap.

238 2257 404 2316 Kaibelium
425 2260 502 2314 1028
521 2260 611 2314 πλωτὰ
625 2259 652 2312 δὲ
666 2258 802 2331 φιλεῦδιος
814 2258 969 2332 Ἀμφιτρίτα
983 2262 1069 2330 Νηυσὶ
1086 2263 1313 2333 μελαμπρώροισιν
1326 2261 1390 2318 ὑπαὶ

237 2341 385 2412 παχνώδεος
400 2341 499 2412 αὐχμῶ,
512 2339 598 2409 ‘notra
614 2341 749 2410 μειδάμων,
765 2341 854 2412 ἱλαρὰν
872 2339 995 2413 ε’ρύθοισα
1011 2343 1124 2415 παρειάν,
1138 2341 1292 2412 'Aumatium
1306 2343 1391 2410 Τηθὺν

236 2424 423 2496 γλαυκώλενον.
458 2419 536 2477 Nam
551 2437 684 2478 serenare
699 2439 736 2478 ex
749 2420 883 2496 procellis
898 2420 1011 2480 caelum
1025 2440 1060 2480 ac
1074 2439 1153 2479 mare
1168 2422 1299 2481 eiusdem
1313 2421 1388 2481 deae

237 2512 307 2560 erat.
349 2501 490 2577 Apuleius
511 2501 553 2558 M.
571 2502 608 2558 xi.
628 2513 643 2575 7
665 2501 702 2560 de
722 2502 797 2560 festo
819 2501 865 2561 die
886 2502 972 2561 Isidis
993 2502 1118 2579 loquens
1139 2501 1202 2562 Nec
1223 2522 1301 2561 mora
1324 2523 1387 2561 cum

164 2589 170 2595 “
237 2585 323 2641 noctz's
341 2588 420 2640 atrae
428 2585 536 2661 fugato
554 2583 647 2640 nubilo
661 2582 715 2641 Sol
729 2586 850 2659 exurget
863 2603 964 2642 aureus
981 2628 987 2641 .
1002 2627 1008 2641 .
1021 2629 1027 2641 .
1041 2592 1074 2641 ut
1083 2594 1185 2661 pecora
1198 2587 1279 2642 ettam
1293 2586 1388 2644 curies-

237 2665 363 2741 quemodi
372 2670 399 2721 et
409 2670 479 2722 totas
498 2666 592 2722 domus
604 2671 631 2722 et
643 2667 732 2739 ipsum
746 2666 814 2722 diem
828 2684 924 2723 serena
926 2666 1010 2745 facie
1020 2668 1146 2742 gaudere
1158 2669 1285 2724 sentirem
1301 2709 1389 2727 .....

237 2745 400 2822 Magnoque
417 2745 602 2820 procellarum
616 2747 706 2804 sedato
713 2748 841 2825 fragore
853 2765 887 2805 ac
905 2746 1015 2805 turbido
1025 2747 1164 2824 fluctuum
1179 2754 1284 2806 tumore
1299 2750 1390 2822 posito

200 2892 203 2897 ,
238 2846 315 2885 mare
328 2829 434 2901 quietas
451 2829 571 2885 alluuies
584 2829 757 2903 temperabat,
771 2828 873 2885 caelum
890 2834 978 2885 autem
993 2828 1119 2887 nubilosa
1132 2831 1251 2905 caligine
1264 2829 1388 2902 disiecta,

238 2911 311 2967 nudo
327 2910 444 2982 sudoque
462 2911 578 2967 luminis
596 2911 712 2984 proprii
726 2909 865 2984 splendore
882 2909 1020 2968 candebat.
1063 2910 1154 2983 Quod
1168 2919 1197 2969 et
1210 2911 1306 2988 ipsum
1319 2911 1388 2986 plus

238 2990 330 3049 semel
343 2991 373 3048 in
389 2989 532 3048 Tristibus
547 3000 576 3048 et
590 2989 729 3066 Epistulis
744 2990 872 3050 Ponticis
887 2992 1017 3050 occurrit.
1048 2989 1163 3051 Tristi.
1179 2991 1390 3066 2.107Faller

238 3091 277 3130 on
297 3074 435 3147 incipiunt
447 3073 586 3149 grauidae
602 3090 757 3130 euanescere
775 3073 882 3130 nubes?
909 3073 1036 3148 Victaque
1053 3075 1322 3153 mutatifrangitur
1340 3076 1389 3133 ira

210 3159 213 3164 '
238 3156 353 3212 maris?
374 3153 458 3212 Pont.
474 3154 501 3211 ii.
516 3172 541 3212 1.
556 3173 570 3211 2
575 3156 663 3228 5-28.
692 3154 808 3213 Eodem
822 3153 929 3213 referas
943 3173 1011 3212 arae
1025 3162 1164 3230 otpertus
1177 3154 1388 3231 metaphoram,

238 3255 297 3312 qua
317 3236 433 3311 saepius
453 3253 524 3294 usus
544 3245 595 3294 est.
638 3234 721 3294 Pont.
737 3236 764 3292 ii.
782 3238 808 3293 8.
825 3237 863 3292 68
886 3234 937 3293 Vos
950 3238 1029 3293 eritis
1047 3244 1158 3294 nostrae
1172 3244 1275 3311 portus
1292 3244 1319 3294 et
1332 3255 1389 3294 ara

226 3319 331 3396 fugae.
363 3317 451 3375 Trist.
466 3318 539 3389 iv.5.
553 3336 578 3388 1,
595 3337 610 3376 2
632 3316 717 3374 Vnica
720 3319 855 3396 fortunis
869 3336 923 3374 ara
937 3324 1045 3392 reperta
1060 3319 1134 3376 meri.
1177 3318 1264 3376 Trist.
1274 3337 1299 3376 v.
1311 3320 1337 3376 6.
1352 3337 1388 3390 14

242 3397 319 3469 Quae
328 3401 423 3474 patuit
435 3400 552 3456 dextrae
557 3399 649 3475 firma
659 3401 698 3455 sit
709 3417 763 3456 ara
777 3417 856 3456 meae.
882 3417 907 3457 v.
922 3418 947 3457 2.
960 3417 998 3472 43
1013 3418 1126 3457 sacram
1137 3402 1266 3475 quamuis
1280 3401 1390 3457 inuisus

238 3481 280 3538 ad
290 3499 372 3537 aram
389 3478 570 3556 Confugzem,
585 3480 679 3536 nullas
692 3479 831 3537 submouet
845 3499 901 3538 ara
918 3499 1026 3538 manus.
1041 3499 1066 3539 v.
1083 3482 1110 3538 6.
1127 3501 1142 3540 2
1161 3480 1223 3552 Oui
1237 3482 1312 3539 milri
1326 3499 1390 3539 con-

227 3562 359 3639 fugium,
373 3563 425 3634 qui
436 3562 510 3617 mibi
518 3567 618 3635 portus
637 3578 709 3617 eras.
725 3561 761 3618 iv.
778 3578 804 3634 5.
821 3575 838 3633 5
857 3559 916 3631 Qui
927 3563 1033 3619 ueritus
1050 3581 1104 3619 non
1125 3582 1153 3620 es
1165 3568 1266 3638 portus
1279 3565 1391 3638 aperire

232 3643 330 3720 fideles
349 3641 483 3699 Fulmine
501 3652 649 3717 percussae
671 3643 883 3720 corfugzumque
906 3645 971 3701 rati.
1015 3642 1092 3702 Cum
1116 3644 1162 3702 his
1183 3654 1390 3719 comparentur

224 3737 226 3741 ’
240 3723 327 3798 Apul.
343 3722 384 3780 M.
400 3724 437 3780 xi.
453 3742 489 3781 10
500 3721 641 3780 Manibus
654 3722 786 3782 ambabus
795 3725 910 3800 gerebat
921 3725 1036 3795 altaria,
1053 3725 1085 3781 id
1094 3733 1140 3796 est,
1151 3727 1277 3795 auxatia,
1291 3725 1391 3800 quibus

240 3823 334 3862 nomen
348 3805 422 3861 dedit
427 3807 576 3880 proprium
591 3805 654 3861 deae
666 3807 810 3863 summatis
824 3807 985 3864 auxiliaris
994 3805 1179 3881 prouidentia.
1209 3827 1243 3864 12
1263 3806 1344 3878 Quod
1353 3813 1394 3865 tot

239 3906 273 3944 ac
286 3888 372 3944 tantis
385 3886 540 3944 exantlatis
553 3886 703 3958 laboribus,
719 3893 760 3945 tot
774 3889 887 3945 emensis
901 3889 1036 3963 periculis
1053 3889 1117 3945 deae
1129 3890 1274 3946 maximae
1287 3890 1390 3963 proui-

240 3969 332 4026 dentia
353 3969 533 4026 adluctautem
554 3968 628 4025 milei
645 3971 802 4027 saeuissime
810 3970 964 4045 fortunam
979 3978 1146 4045 superarem.
1179 3984 1231 4044 ,15
1245 3968 1353 4027 Multis
1367 3976 1394 4026 et

239 4052 333 4108 uariis
345 4051 501 4109 exantlatis
518 4049 659 4109 laboribus
675 4053 837 4127 magnisque
845 4052 987 4129 fortunae
1000 4050 1197 4126 tempestatibus
1210 4058 1237 4109 et
1253 4052 1392 4109 maximis

238 4139 317 4189 actus
329 4133 462 4207 procellis
478 4132 519 4190 ad
529 4137 639 4207 portum
653 4134 752 4206 quietis
770 4140 797 4190 et
812 4151 894 4190 aram
909 4130 1127 4190 Misericordiae
1140 4134 1248 4204 uenisti,
1263 4150 1338 4208 quae
1353 4133 1391 4192 de

270 4280 340 4325 *An
357 4280 453 4327 uiolatus
472 4278 514 4326 has
531 4279 659 4342 relligiones
677 4279 729 4326 loco
746 4280 808 4328 exilii
825 4279 942 4342 Augustus
960 4278 1101 4326 declarauit?
1134 4279 1196 4325 Nam
1216 4277 1284 4325 Tomi
1299 4286 1394 4339 propter

239 4344 350 4404 discerpta
365 4347 467 4393 membra
479 4345 572 4407 Absyrti
586 4345 669 4406 (Trist.
682 4346 712 4391 iii.
726 4344 753 4410 9)
766 4360 851 4391 nomen
865 4344 1009 4392 habuerunt:
1026 4354 1052 4392 ut
1064 4346 1114 4405 ipso
1129 4359 1158 4392 ex
1174 4343 1269 4391 nomine
1284 4344 1392 4404 discerpti

239 4410 335 4522 glirlgis
352 4409 436 4470 fabula,
454 4420 524 4471 atque
541 4411 600 4458 adeo
617 4425 683 4458 suum
702 4410 789 4458 facinus
808 4412 847 4471 qui
863 4409 921 4458 haec
937 4411 1050 4468 uiolasset,
1068 4410 1154 4458 Ouidio
1172 4418 1391 4472 repraesentaretur.

272 4510 277 4522 .
318 4486 393 4537 ·452·
