3082 4980
549 382 878 445 PROLEGOMENA.
1252 379 1297 442 lxi

142 534 216 602 'festo
234 542 273 601 ad
286 541 382 619 Tydei
399 539 511 601 facinus
529 560 588 619 quo
603 542 765 618 MenaIIppi
784 543 936 601 cerebrum
955 539 1105 599 exsorbuit
1122 538 1292 600 referuntur.

142 625 247 700 Itaque
268 643 304 682 ex
326 625 382 683 allo
403 641 489 682 uersu
510 624 572 683 siue
591 638 650 698 427
670 625 731 683 siue
751 638 819 698 515,
837 623 894 682 huc
915 622 1048 681 tralatum
1070 631 1122 681 est.
1164 622 1213 680 Ad
1232 626 1292 694 408

142 707 220 764 homo
230 711 313 779 porte
326 707 382 775 sni,
390 713 475 780 parte
488 708 619 764 znuencns
635 711 700 764 erat
710 705 904 781 adscripserat
918 703 1020 781 aliquis
1035 703 1221 762 Minotaurus
1234 706 1295 761 sine

142 787 283 846 Asterion.
307 786 388 845 Hinc
402 787 505 863 aliquis
519 805 633 846 memor
644 785 813 845 Claudianei
828 804 928 845 uersus
941 803 988 858 54.
1002 805 1019 859 9
1031 784 1095 860 Ipse
1107 793 1134 844 et
1145 786 1294 860 driporr'les

142 875 265 926 monstro
283 869 442 926 commissus
463 870 493 926 r'n
513 875 594 927 ortns
612 887 643 926 11
670 868 740 929 Cres
754 878 830 943 pner
848 868 877 926 h.
888 886 913 926 e.
936 867 1128 938 Minotaurus,
1151 867 1294 926 transtulit

88 995 89 998 1
143 950 217 1009 haec
237 951 276 1009 ad
298 969 357 1024 419
381 948 450 1009 Cres
465 959 538 1024 pnor
557 950 696 1020 Asterion,
719 967 844 1025 cumque
865 966 966 1008 uersus
988 949 1083 1024 primo
1104 949 1294 1008 confinxisset

144 1032 249 1090 adiecit
277 1031 443 1089 historiam.v
476 1031 612 1108 Denique
641 1030 803 1089 Hermione
831 1032 862 1088 in
888 1044 955 1105 307,
980 1049 1018 1089 ex
1045 1049 1102 1105 303
1128 1029 1218 1101 fluxit,
1245 1039 1294 1089 aut

143 1113 278 1171 tralatum
298 1121 419 1182 tantum,
440 1123 489 1171 aut
509 1113 643 1171 iteratum
661 1130 715 1189 pro
735 1111 907 1184 Harmonia,
926 1129 1002 1189 quae
1022 1110 1198 1171 Themisto*
1218 1131 1295 1189 nup-

145 1202 230 1262 serat,
244 1202 362 1270 eratque
377 1195 472 1269 neptiS
486 1193 594 1270 Pyrrhi.

167 1341 169 1348 .
187 1275 290 1334 Restat
308 1276 436 1334 maxima
453 1285 540 1352 atque
553 1277 664 1352 opthna
678 1293 746 1352 pars
762 1275 954 1345 scholiorum,
969 1294 1044 1352 quae
1064 1293 1147 1334 ueras
1165 1274 1295 1350 explica·

144 1357 241 1415 tiones
256 1357 451 1432 conplectitur.
499 1356 584 1416 Haec
599 1358 700 1434 quanti
714 1358 758 1428 sit,
774 1375 836 1416 non
850 1376 887 1416 ex
902 1357 979 1416 notis
993 1357 1176 1433 uulgatisque
1191 1356 1295 1416 fabulis

145 1437 320 1509 aestimabis,
343 1437 395 1496 sed
419 1439 512 1496 multo
536 1439 630 1513 magis
653 1456 689 1496 ex
714 1439 937 1497 obscurioribus
979 1438 1084 1497 Insunt
1108 1438 1187 1496 enim
1211 1438 1295 1497 Ibide

145 1519 236 1577 multa
258 1538 333 1596 quae
353 1538 388 1577 ex
409 1521 472 1578 solo
492 1520 565 1579 libro
583 1519 867 1596 Metamorphoseon
886 1520 967 1579 facile
987 1519 1124 1595 explicari
1143 1528 1296 1595 poterant;

147 1602 197 1677 qui
215 1601 286 1659 liber
305 1600 385 1658 nullo
405 1619 467 1660 non
485 1611 616 1677 tempore
635 1601 721 1659 latine
741 1601 898 1661 scientibus
916 1602 998 1659 tritus
1017 1611 1069 1671 est,
1084 1599 1163 1658 nullo
1178 1599 1296 1660 scholiis

147 1682 246 1741 camit.
288 1681 354 1740 Alia
381 1700 417 1740 ex
442 1682 513 1741 Arte
535 1682 685 1741 Amatoria
710 1683 855 1741 Tristibus
879 1681 1018 1759 Epistulis
1041 1700 1077 1740 ex
1103 1681 1199 1740 Ponto
1224 1699 1296 1758 cog·

147 1781 269 1824 noscere
296 1763 397 1822 licuit:
434 1763 490 1822 alia
524 1782 561 1822 ex
588 1762 718 1840 Vergilio
748 1763 896 1840 Statioque
929 1773 958 1822 et
991 1763 1151 1822 scholiastis
1184 1780 1294 1835 eorum,

147 1846 301 1922 praecipue
330 1845 431 1904 Seruio
459 1844 677 1922 Lactantioque.
731 1845 789 1904 Sed
817 1862 879 1903 non
908 1845 948 1904 sic
977 1845 1116 1921 expedias
1144 1845 1296 1920 quomodo

148 1926 254 1984 lactum
271 1927 305 1985 sit
320 1927 395 1984 utin
409 1935 508 1985 nostra
523 1927 630 1986 scholia
644 1927 915 1985 obscurissimarum
931 1927 1114 1985 historiarum
1132 1925 1295 2003 explicatio,

148 2016 177 2065 et
197 2007 316 2084 quidem
336 2026 406 2066 uera
427 2008 608 2085 peruenerit;
633 2008 733 2085 quales
752 2018 820 2067 sunt
834 2008 974 2067 Hermiae
990 2028 1056 2083 319,
1072 2007 1297 2082 Eurydamantis

115 2083 120 2091 '
149 2107 217 2163 331,
240 2088 380 2147 Limones
399 2104 468 2164 335,
489 2089 626 2165 Aegialos
646 2105 716 2164 350,
738 2089 927 2149 Siritanorum
948 2102 1015 2165 379,
1038 2089 1212 2148 Hannibalis
1228 2092 1297 2166 389,

148 2170 235 2228 Trasi
261 2184 328 2244 477,
355 2170 450 2230 Lindii
475 2171 614 2240 sacrificii,
639 2170 797 2248 Lydiarum
825 2172 970 2248 uirginum
997 2190 1066 2245 499,
1091 2171 1297 2231 Ambraciotae

147 2252 294 2310 uenatoris
309 2267 378 2326 501,
393 2253 541 2311 uenatoris
559 2252 653 2311 Carici
675 2254 736 2312 siue
758 2253 853 2328 potius
874 2252 1012 2311 Lucanici
1034 2266 1102 2326 505,
1117 2252 1211 2311 Eueni
1227 2268 1295 2328 513,

149 2331 333 2392 Callisthenis
358 2348 427 2408 519,
453 2333 598 2408 Telegoni
623 2337 692 2408 567.
746 2334 908 2394 Scholiasta
932 2335 1064 2393 Venetus
1089 2334 1122 2393 Il.
1145 2335 1212 2394 xxii.
1237 2351 1294 2411 397

149 2424 244 2473 narrat
258 2414 504 2491 Eurydamantem
519 2415 703 2487 Thessalum,
719 2415 874 2492 Thrasyllo
892 2415 978 2474 fratre
994 2415 1121 2475 Simonis
1137 2417 1244 2487 occiso,
1259 2418 1297 2475 ab

148 2495 206 2555 hoc
221 2495 298 2555 circa
314 2497 456 2554 tumulum
475 2497 583 2554 mortui
601 2506 745 2572 raptatum
759 2497 865 2556 luisse:
888 2498 918 2556 id
933 2515 1062 2556 narrasse
1077 2494 1297 2557 CalIImachum.

147 2576 235 2652 Ipsos
258 2595 359 2636 uersus
385 2576 560 2650 Callimachi¹
575 2577 695 2639 Procius
719 2579 757 2638 ad
777 2579 849 2638 Plat.
871 2579 947 2655 Rep.
968 2598 998 2656 p.
1019 2598 1074 2654 391
1099 2579 1175 2638 citat.
1217 2579 1297 2639 Con-

149 2669 310 2735 parentque
323 2659 396 2718 haec
410 2659 513 2718 eadem
526 2660 557 2717 in
571 2659 662 2719 Ibidis
677 2660 802 2730 scholiis,
817 2661 895 2720 unde
910 2679 945 2719 ea
959 2662 1047 2720 ducta
1061 2662 1117 2719 nisi
1131 2679 1167 2719 ex
1183 2660 1297 2722 sincero

149 2741 246 2816 aliquo
261 2740 350 2810 fonte,
366 2742 461 2817 quiin
476 2739 611 2800 hocloco
628 2741 812 2818 incorruptus
826 2742 941 2812 mansit,
956 2743 1025 2801 alias
1039 2741 1171 2801 foedatus
1185 2742 1224 2801 ad
1242 2761 1298 2803 nos

149 2820 318 2880 descendit?
360 2822 424 2880 lam
446 2820 586 2881 Limenes
607 2822 781 2900 supplicium
801 2841 890 2882 nemo
912 2822 1074 2895 Romanus,
1095 2824 1177 2900 quod
1198 2826 1296 2897 sciam,

149 2903 338 2963 memorauit:
360 2912 477 2962 seruant
496 2903 526 2962 id
545 2914 643 2962 tamen
663 2905 773 2964 scholia
787 2905 886 2976 Ibidis,
901 2914 989 2981 atque
1008 2905 1083 2964 adeo
1098 2923 1166 2964 cum
1181 2903 1297 2966 Graeco

150 2984 269 3042 nomine
284 3003 342 3060 quo
357 2985 439 3044 locus
452 2985 477 3044 is
490 2985 644 3062 insignitus
658 2996 709 3045 est.
753 2985 943 3045 Siritanorum
956 2986 1137 3062 tragoediam
1153 3000 1210 3062 379
1222 3006 1299 3047 nnus

150 3064 354 3124 Romanorum
383 3066 510 3126 lustinus
538 3086 587 3125 xx.
619 3087 633 3125 a
664 3068 798 3138 seruauit,
823 3066 1005 3126 Graecorum
1027 3065 1206 3142 Lycophron
1231 3087 1298 3127 cum

148 3145 276 3205 Scholiis
295 3149 325 3204 in
347 3166 414 3205 eum
429 3166 463 3207 ac
477 3148 595 3207 Tzetza.
642 3148 727 3207 Vnde
742 3149 828 3223 igitur
843 3147 934 3206 Ibidis
953 3147 1107 3206 scholiasta
1124 3159 1298 3224 conpertum

148 3227 250 3285 habuit
265 3246 301 3286 eo
317 3228 501 3288 referendum
516 3248 580 3289 esse
595 3230 739 3289 distichon
756 3243 824 3306 379,
841 3231 920 3303 3801
946 3227 1016 3287 Non
1031 3247 1068 3287 ex
1082 3228 1203 3300 lustin0‚
1219 3232 1299 3306 apud

147 3326 240 3384 quem
254 3309 291 3367 de
306 3310 433 3369 Thracia
447 3311 583 3370 Minerua
603 3330 641 3370 ne
662 3311 784 3370 uerbum
804 3312 932 3387 quidem.
975 3309 1126 3369 Confirmo
1141 3312 1298 3389 antiquitus

149 3390 181 3449 id
208 3390 345 3448 traditum
373 3391 469 3463 fuisse,
496 3410 674 3470 quamquam
701 3393 837 3451 turbate:
870 3411 925 3452 nec
952 3392 1054 3451 dubito
1082 3393 1208 3451 eandem
1236 3413 1307 3452 rem

151 3489 169 3529 a
191 3470 370 3531 Callimacho
392 3482 543 3544 narratam,
565 3474 671 3532 eodem
694 3483 767 3532 teste
792 3473 962 3534 Scholiasta.
1012 3473 1059 3533 De
1083 3475 1185 3534 ceteris
1206 3494 1299 3535 unum

150 3553 218 3611 dico
237 3553 318 3628 quod
333 3553 508 3613 Merkelium
526 3554 793 3632 Schneiderumque
811 3556 908 3629 latuit3
931 3555 1042 3632 aliquas
1057 3555 1139 3633 ‚apud
1154 3556 1299 3616 Nonnum

150 3644 249 3692 extare
274 3636 304 3692 in
326 3642 462 3710 Συναγωγῇ
482 3638 614 3710 Ἱστοριῶν
634 3657 683 3714 pp.
702 3640 761 3711 986
784 3656 847 3715 sqq.
871 3649 941 3697 tom.
961 3639 989 3697 ii.
1014 3656 1138 3714 operum
1164 3638 1299 3716 Gregorii

152 3714 329 3774 Nazianzeni
344 3717 389 3775 ed.
405 3717 517 3792 Migne,
532 3718 584 3776 sed
600 3717 729 3777 Graece:
751 3719 918 3778 Anaxarchi
932 3737 978 3789 xv,
992 3719 1128 3779 Herculis
1143 3739 1209 3779 cum
1226 3722 1299 3781 Thi-

151 3798 308 3855 odamante
323 3816 357 3856 ac
368 3797 536 3874 Dryopibus
550 3800 596 3870 xli,
610 3799 781 3859 Lindiorum
796 3802 839 3860 lvi.
876 3801 947 3859 Non
961 3800 1041 3876 quod
1055 3802 1123 3860 hinc
1138 3802 1168 3859 in
1183 3802 1299 3862 Scholia

148 3878 242 3936 Ibidis
253 3879 393 3950 uenerint,
403 3898 472 3938 nam
483 3898 558 3957 quae
569 3880 599 3939 in
614 3882 658 3941 his
673 3900 818 3958 nusquam
830 3892 979 3959 conparet,
991 3883 1109 3942 historia
1119 3881 1300 3942 Cleombroti

146 3959 357 4018 *Ambraciotae
372 3959 453 4038 (493,
469 3965 501 4040 4)
520 3980 582 4019 non
604 3962 699 4021 solum
720 3964 799 4039 apud
813 3963 965 4033 Nonnum,
981 3972 1149 4040 ceterosque
1165 3963 1299 4039 Gregorii

152 4041 323 4117 interpretes
345 4052 431 4115 extat,
454 4044 611 4102 sedetiam
632 4045 711 4121 apud
733 4043 906 4104 Ciceronem
929 4046 1018 4102 Tusc.
1038 4044 1121 4121 Disp.
1142 4045 1159 4102 i.
1179 4063 1226 4119 34,
1242 4045 1300 4103 Pro

147 4121 335 4196 1501111014,
350 4123 431 4182 Lact.
446 4124 484 4183 iii.
503 4128 548 4194 18,
562 4134 591 4183 et
605 4126 710 4184 eodem
724 4133 797 4183 teste
812 4124 954 4185 Cicerone
969 4124 1139 4184 Callimachi
1156 4126 1300 4201 epigram·
1368 4131 1372 4137 ’

148 4212 230 4261 mate
251 4205 395 4264 celebrata
416 4214 469 4265 est.
512 4206 602 4278 Quod
621 4225 691 4265 sane
710 4206 835 4263 mirum:
857 4206 986 4264 fabulam
1005 4224 1081 4282 quae
1099 4206 1206 4265 multos
1225 4209 1300 4282 opti-

148 4302 277 4362 mosque
288 4285 387 4346 habuit
398 4298 540 4360 auctores,
550 4288 579 4345 in
590 4287 634 4346 his
644 4285 864 4358 Callimachum,
878 4286 1070 4347 Scholiastam
1080 4288 1156 4348 adeo
1167 4287 1302 4350 fefellisse

459 4458 474 4493 *
490 4457 527 4504 Au
539 4456 592 4505 hine
604 4457 626 4503 111
639 4456 714 4505 Schol.
728 4465 774 4520 297
787 4458 850 4505 uenit
865 4455 998 4506 Themisto?
