3038 4988
566 376 791 439 EXCVRSVS.

342 534 421 606 Ἥξει
440 536 468 590 δέ
486 537 615 591 Κνωσσὸν
633 537 693 592 κάπὶ
712 540 838 608 Γόρτυνος
855 537 950 604 δόμους

348 609 448 677 Τούμδν
465 608 586 676 ταλαίνης
602 609 683 678 πῆμα,
700 611 750 664 πᾶς
768 608 790 662 δ’
809 609 953 664 ἀνάστατος

341 675 440 733 Ἐσται
459 683 610 750 στρατηγῶν
629 676 705 735 οἶκος.
736 680 765 733 οὗ
783 681 834 750 γὰρ
846 680 946 749 ἥσυχος

348 749 464 816 Πορκεὺς
482 749 592 804 δίκασαν
611 750 698 820 σέλμα
715 752 866 805 ναυστολῶν
883 750 939 819 ε’λᾷ,

349 823 445 874 Λεῦκον
463 818 621 890 στροβήσων
639 821 744 891 φόλακα
762 823 807 890 τής
823 821 971 906 μοναρχίας,

349 890 481 961 Ψυδραῖσί
497 889 520 945 τ’
537 890 635 961 ἔχθραν
651 894 777 962 μηχαναῖς
793 891 950 947 ἀναπλεκων.

341 955 392 1016 ‘Or
410 963 468 1014 οὔτε
486 959 580 1016 τέκνων
597 959 699 1031 φήσετ’
718 965 777 1017 οὔτε
789 963 925 1033 συγγάμου

349 1030 441 1098 Μήδας
459 1033 594 1119 δάμαρτος,
612 1031 769 1104 ήγριωμένος
786 1035 891 1104 φρένας,

350 1103 388 1156 Οὔ
407 1102 580 1172 Κλεισιθηρας
598 1102 732 1174 θυγατρός,
750 1103 779 1171 ής
796 1104 880 1172 πατήρ
899 1099 979 1173 λέχος

350 1175 458 1247 θρεπτηῖ
477 1173 595 1244 δράκοντι
613 1174 809 1245 συγκαταινέσει
826 1176 925 1243 πικρόν.

348 1244 451 1300 Πάντας
469 1243 493 1298 δ’
510 1243 629 1315 ἀνάγνοις
646 1247 739 1335 χερσὶν
756 1245 784 1300 ε’ν
802 1245 853 1316 ναῷ
872 1245 954 1298 κτενεῖ

349 1316 484 1379 Λῶβαισιν
500 1314 661 1371 αἰκισθέντας
687 1316 797 1386 Ογκαίου
815 1315 922 1383 βόθρου.

136 1384 193 1440 Vbi
206 1387 320 1440 Tzetzes
331 1383 362 1439 Ὀ
375 1389 471 1441 Λεῦκος
481 1389 528 1441 τοῦ
536 1388 641 1439 Χαλκοῦ
652 1387 738 1440 Τάλου
750 1391 796 1440 τοῦ
809 1387 909 1456 Κρητὸς
919 1384 950 1452 ἢν
962 1381 1102 1457 albeolum
1114 1383 1256 1456 Ἰδομένευς

101 1458 149 1524 τὴν
163 1458 333 1521 βασιλείαν
348 1456 390 1510 καὶ
402 1458 447 1512 τὸν
459 1453 528 1510 οἶκον
539 1456 674 1527 παρέθετο,
686 1457 729 1511 ε’πὶ
740 1457 787 1525 τήν
799 1457 893 1528 Τροίαν
904 1456 1027 1527 ἀπαίρων.
1062 1461 1160 1512 Τοῦτον
1171 1458 1254 1512 πείθει

103 1526 236 1584 Ναύπλιος
254 1527 390 1582 ε’πιθέσθαι
407 1528 439 1596 τῇ
457 1526 580 1596 βασιλείᾳ
599 1531 645 1581 τοῦ
657 1525 811 1595 Ἰδομενέως·
828 1527 857 1583 δς
872 1527 918 1595 τὴν
929 1530 1035 1599 γυναῖκα
1050 1531 1096 1582 τοῦ
1108 1526 1256 1597 Ἰδομενέως

103 1597 195 1667 Μήδαν
215 1599 372 1667 καλουμένην
392 1597 486 1666 ἀνεῖλε,
508 1599 549 1652 καὶ
569 1598 616 1667 τήν
636 1598 763 1670 θυγατέρα
781 1598 964 1669 Κλεισιθήραν,
983 1596 1013 1667 ήν
1034 1597 1165 1668 ὑπέσχετο
1185 1598 1255 1669 αὐτῷ

103 1668 198 1723 δώσειν
211 1672 317 1739 γυναῖκα
333 1669 437 1724 έπειδάν
452 1669 503 1725 ἀπὸ
520 1671 565 1737 τῆς
579 1669 672 1740 Τροίας
689 1669 855 1740 ὑποστρέψῃ·
876 1669 961 1724 ἀνεῖλε
980 1669 1008 1722 δὲ
1026 1670 1068 1722 καὶ
1085 1669 1145 1724 τοὺς
1162 1668 1256 1724 παῖδας

102 1740 180 1806 αὐτῆς
193 1736 317 1808 Ἴφικλον
337 1741 378 1794 καὶ
400 1744 504 1795 Λεῦκον.
542 1739 624 1796 Οὗτος
645 1740 673 1793 δὲ
695 1742 709 1793 ὁ
731 1745 826 1798 Λεῦκος
845 1742 906 1796 παῖς
926 1739 962 1793 δν
980 1739 1093 1807 ἐξετέθη,
1114 1737 1145 1793 δν
1164 1740 1255 1803 λαβὼν

103 1807 243 1878 Ἰδομένευς
255 1810 353 1881 ἔθρεψε
365 1809 420 1866 καθ’
433 1812 533 1866 ἑαυτοῦ·
553 1811 593 1865 διὸ
605 1812 646 1864 καί
658 1811 769 1882 θρεπτὸν
781 1811 907 1881 δράκοντα
919 1814 1011 1866 τοῦτον
1024 1812 1105 1863 καλεῖ.

141 1881 223 1936 Idem
239 1881 277 1936 ad
291 1884 355 1951 Lyc.
371 1883 430 1951 384.
449 1884 513 1936 Τότε
531 1881 560 1936 δὲ
576 1881 664 1952 μαθὼν
682 1882 728 1951 τήν
745 1886 792 1937 τοῦ
809 1883 865 1937 υἱοῦ
883 1882 1014 1952 ἀναίρεσιν
1030 1883 1044 1933 ό
1061 1878 1153 1934 τούτου
1170 1878 1255 1950 πατήρ

104 1951 239 2008 Ναύπλιος
262 1952 374 2008 ἔπλευσε
397 1954 463 2021 πρὸς
485 1952 546 2009 τοὺς
561 1953 693 2022 Ἕλληνας
719 1954 762 2007 καὶ
786 1953 832 2021 τήν
855 1956 902 2006 τοῦ
927 1951 1019 2011 παιδὸς
1042 1950 1133 2018 ἀπῄτει
1157 1948 1253 2018 ποινήν.

95 2019 247 2093 Ἀπρακτος
265 2024 293 2077 δέ
310 2024 489 2094 ὑποστρέψας,
507 2025 608 2078 πάντων
626 2023 799 2112 χαριζομένων
819 2023 855 2096 τῷ
875 2023 984 2087 βασιλεῖ
999 2019 1180 2110 Ἀγαμέμνονι,
1198 2018 1256 2090 μεθ’

104 2091 135 2146 οὗ
147 2094 191 2148 τὸν
203 2093 361 2163 Παλαμήδην
372 2094 472 2148 ἀνεῖλεν
483 2098 498 2149 ό
511 2095 665 2162 Ὀδυσσευς,
678 2092 825 2165 περιπλέων
836 2094 927 2148 λοιπὸν
939 2093 985 2148 τάς
996 2090 1149 2160 Ἐλληνιδας
1161 2092 1257 2162 χώρας,

103 2163 282 2234 παρεσκεύασε
296 2166 343 2221 τὰς
358 2171 409 2219 τῶν
424 2163 557 2235 Ἐλλήνων
572 2168 693 2237 γυναῖκας
710 2165 885 2236 μοιχευθῆναι,
897 2160 952 2218 οἶον
964 2161 1196 2232 Κλυταιμνήστραν
1210 2161 1258 2229 τήν

104 2239 151 2288 τοῦ
162 2233 351 2323 Ἀγαμέμνονος
361 2236 487 2311 Αἰγίσθῳ,
496 2237 646 2329 Αῖηιάλειαν
656 2237 703 2304 τήν
711 2234 854 2305 Διομήδους
863 2236 898 2306 τῷ
909 2236 955 2308 υἱῷ
965 2236 1011 2288 τοῦ
1021 2232 1155 2299 Σθενέλου,
1166 2230 1258 2300 Μήδαν

104 2305 133 2359 δέ
143 2305 188 2374 τήν
205 2306 343 2375 Ιδομενέως
355 2307 404 2362 ὖπδ
415 2306 520 2374 Λεύκου,
530 2329 560 2375 ην
571 2310 612 2362 καῖ
625 2307 709 2362 ἀνεῖλε
719 2311 822 2370 Λεῦκος,
833 2307 874 2361 καὶ
885 2304 1059 2374 Κλεισιθήραν
1070 2304 1116 2372 τήν
1128 2303 1257 2374 θυγατέρα

104 2376 181 2445 αι’τής
195 2377 223 2430 έν
238 2377 274 2448 τῷ
292 2379 344 2448 ναῷ
362 2377 563 2449 καταφυγοῦσας
581 2378 622 2432 καὶ
641 2385 691 2434 τῶν
707 2380 806 2434 λοιπῶν
825 2377 926 2446 ὁμοίως.
962 2378 1012 2430 Καὶ
1028 2374 1088 2429 δέκα
1104 2376 1194 2430 πόλεις
1211 2376 1257 2442 τῆς

104 2445 205 2516 Κρήτης
216 2447 373 2504 ἀποσπάσας
388 2448 541 2520 ε’τυράννησε
555 2450 597 2502 καὶ
610 2451 674 2517 μετὰ
692 2451 737 2504 τὸν
752 2450 865 2520 Τρωικόν
880 2448 995 2515 πολεμδν
1011 2447 1051 2499 καὶ
1066 2447 1111 2501 τὸν
1125 2445 1255 2514 Ἰδομενέα

49 2536 51 2541 ·
104 2517 137 2583 τῇ
149 2517 236 2588 Κρήτῃ
249 2518 400 2588 καταίροντα
412 2519 534 2587 ἐξήλασε.
567 2520 648 2574 Idem
661 2522 775 2575 Tzetzes
788 2519 826 2574 ad
842 2533 908 2588 1093
921 2517 1092 2573 eademfere
1105 2515 1204 2571 dicens
1217 2516 1254 2571 de

106 2589 332 2658 Clytaemnestra
344 2599 371 2645 et
384 2590 502 2659 Aegiale
514 2592 585 2645 haec
600 2589 744 2659 subiungit
757 2591 798 2644 καὶ
815 2590 843 2644 ἐν
856 2589 942 2658 Κρήτη
955 2593 1051 2642 Λεῦκον
1063 2589 1107 2642 τὸν
1118 2591 1165 2641 τοῦ
1177 2587 1254 2641 Τάλω

105 2658 208 2713 ἔπεισεν
223 2659 328 2728 ἀντᾶραι
347 2661 387 2713 καὶ
405 2659 503 2714 ἀνελεῖν
521 2661 566 2729 τήν
577 2659 723 2728 Ἰδομενέως
738 2663 846 2743 γυναῖκα
864 2660 954 2729 Μήδαν
972 2659 1013 2712 καῖ
1031 2659 1062 2712 τὰ
1078 2657 1152 2711 τέκνα
1168 2657 1254 2726 αι’ντής.

104 2730 189 2854 {llaec
206 2747 394 2854 nonhprorsus
412 2730 485 2787 inter
503 2748 534 2786 se
552 2731 704 2788 conuenire
722 2731 873 2788 u1dentur:
895 2731 947 2787 sed
961 2740 1057 2786 tamen
1074 2729 1156 2785 huius
1175 2728 1254 2783 modi

116 2803 230 2855 aulam
242 2819 258 2855 e
271 2801 346 2857 'cias

142 2873 261 2939 Leucus,
276 2873 353 2940 Cres,
367 2871 439 2927 filius
452 2871 524 2943 Tali,
541 2890 611 2943 puer
630 2873 723 2928 adhuc
742 2872 886 2944 expositus
903 2873 939 2927 ab
954 2871 1109 2926 idomeneo
1127 2879 1255 2925 seruatur

105 2950 134 2996 et
146 2941 289 2996 educatur.
321 2942 397 2997 Huic
411 2944 582 2998 Idomeneus
594 2943 623 2997 in
637 2943 752 2999 Troiam
764 2943 946 3015 proficiscens
958 2942 1038 3011 regni
1051 2959 1147 2996 curam
1160 2941 1253 2996 tradit.

107 3013 225 3081 Leucus,
244 3012 359 3082 Nauplii
378 3013 450 3069 dolis
469 3015 638 3085 obsequens,
655 3015 772 3069 Medam
793 3012 939 3069 Idomenei
958 3029 1073 3067 uxorem
1092 3011 1254 3092 corrumpit,

106 3081 255 3153 imperium
277 3093 411 3153 occupat:
436 3102 502 3138 mox
523 3085 655 3139 incensus
675 3085 717 3140 ira
736 3085 853 3140 Medam
875 3094 903 3139 et
924 3082 1011 3137 filiam
1032 3082 1137 3137 Medae
1157 3081 1255 3136 Clersi-

105 3153 224 3223 theram,
238 3171 323 3224 quam
340 3154 365 3208 ei
385 3155 555 3210 Idomeneus
572 3155 762 3226 desponderat
781 3155 804 3210 si
822 3173 840 3210 a
852 3154 939 3209 Troia
950 3153 1089 3220 rediisset,
1102 3152 1206 3207 occidit
1225 3152 1255 3208 in

106 3225 213 3294 templo
234 3241 291 3295 quo
312 3225 504 3295 confugerant,
529 3226 612 3281 simul
635 3226 775 3296 Iphiclum
799 3243 832 3281 ac
855 3228 988 3293 Leucum‚
1012 3223 1117 3278 Medae
1141 3223 1253 3279 liberos.

107 3296 178 3349 Mox
190 3295 289 3350 decem
302 3296 385 3350 urbes
400 3298 500 3351 Cretae
512 3297 594 3366 rapit,
609 3298 794 3352 idomeneum
807 3297 923 3351 domum
935 3296 1101 3351 redeuntem
1114 3293 1210 3363 abigit

142 3366 247 3434 Tetigit
260 3366 331 3420 haec
344 3366 445 3421 eadem
458 3367 612 3422 scholiasta
621 3368 652 3422 ll.
662 3367 689 3422 ii.
699 3369 751 3438 649
763 3367 811 3422 ubi
821 3366 923 3422 Λεύκων
935 3367 1042 3420 όΤόλας
1054 3364 1164 3433 dicitur,
1178 3364 1255 3435 quod

105 3453 156 3506 per
175 3453 298 3490 errorem
317 3436 453 3506 scriptum
470 3447 551 3508 putat
568 3438 733 3494 Dindorfius
752 3456 803 3508 pro
822 3441 836 3491 ό
853 3440 938 3507 Τάλω,
956 3437 1032 3508 quod
1051 3436 1137 3490 habet
1158 3437 1254 3491 Schol.

107 3507 288 3574 Od.xix.174.
305 3507 579 3578 Eustatbiusp.186o
588 3509 799 3564 Leuconiscum
809 3509 897 3564 Meda
905 3517 1032 3578 stuprum
1041 3524 1105 3562 cum
1113 3507 1256 3575 Clytaem-

105 3587 218 3632 nestrae
228 3587 256 3632 et
264 3577 396 3646 Aegiales
404 3578 548 3647 coniungit
556 3579 708 3636 adulteriis.
742 3582 823 3635 Haec
834 3589 951 3650 utraque
961 3579 990 3634 in
1002 3578 1083 3633 Ibide
1092 3588 1256 3647 narrantur3

106 3648 182 3702 unde
193 3647 298 3702 Medae
311 3665 422 3719 quoque
434 3649 572 3718 flagitium
584 3650 800 3706 commemorari
812 3651 910 3721 potuit.
939 3652 978 3706 At
993 3649 1081 3705 Meda
1093 3666 1111 3703 a
1124 3651 1256 3705 Leucone

105 3718 224 3788 periisse
243 3718 344 3773 dicitur
360 3737 378 3774 a
392 3721 585 3790 Lycophrone,
602 3738 660 3775 non
674 3723 788 3777 Leucon
801 3740 819 3777 a
833 3722 929 3777 Meda.
957 3724 1014 3776 Aut
1031 3719 1113 3776 aliter
1130 3721 1257 3776 fabulam

106 3790 214 3858 legerat
228 3788 356 3859 Ouidius,
370 3799 418 3844 aut
431 3800 562 3860 corrupta
575 3801 639 3846 sunt
652 3809 725 3862 quae
738 3793 844 3848 habent
858 3792 978 3848 codices.
1018 3795 1095 3848 Nam
1108 3792 1132 3847 si
1145 3791 1247 3862 legeris

356 3861 436 3930 Quae
454 3861 556 3916 cecidit
576 3864 670 3918 Leuco
687 3863 809 3933 uindice,
829 3864 905 3918 dicta
922 3863 997 3932 piast

107 3929 220 3985 finxeris
239 3939 335 3985 autern
353 3931 470 3986 Medam
484 3935 603 4003 pretatis
620 3950 725 3989 nomen
744 3935 797 3990 sibi
816 3951 963 4003 arrogasse
982 3933 1143 4003 quodcum
1162 3934 1257 3987 Leuco

88 4002 203 4058 ,mallet
222 4001 373 4056 adulterari
392 4019 477 4072 quam
497 4003 526 4057 in
547 4004 694 4060 Idomenei
712 4005 804 4060 redire
822 4003 1042 4071 matrimonium,
1061 4013 1213 4073 postquam
1232 4002 1260 4058 is

107 4072 196 4127 filium
217 4073 263 4126 uel
286 4071 372 4126 filiam
392 4074 469 4142 (nam
493 4083 643 4145 utrumque
665 4076 800 4131 traditum
822 4083 874 4143 est,
895 4075 973 4129 Seru.
993 4074 1031 4127 ad
1049 4075 1120 4128 Aen.
1140 4073 1174 4127 xi.
1196 4073 1257 4141 264,

109 4144 252 4212 Mytbogr.
260 4144 325 4197 Vat.
336 4141 353 4197 i.
365 4143 457 4212 195,‘ii.
467 4145 531 4209 210)
541 4155 589 4200 aut
602 4145 777 4200 immolasset
790 4154 838 4200 aut
851 4162 882 4198 se
895 4144 1105 4198 immolaturum
1115 4142 1257 4210 uouisset;

108 4223 229 4268 mortem
253 4211 375 4283 denique
400 4213 436 4269 de
460 4231 517 4284 qua
541 4216 609 4271 dicit
631 4218 799 4287 Lycophron
824 4216 964 4285 posthoc
989 4213 1135 4283 cognitum
1158 4222 1257 4267 uotum

107 4284 213 4338 factam
232 4283 393 4353 sumpseris,
407 4285 475 4339 satis
494 4287 644 4341 commode
661 4305 707 4342 res
726 4304 757 4342 se
775 4285 912 4356 expediet.
951 4284 1030 4339 Dicit
1047 4284 1123 4339 enirn
1137 4283 1258 4338 Ouidius

108 4354 243 4408 ‘Habeas
256 4354 405 4423 coniugem
418 4372 491 4425 quae
503 4366 531 4412 et
548 4357 676 4412 adultera
688 4357 724 4412 sit
741 4367 769 4412 et
785 4356 899 4427 pietatis
912 4355 1025 4411 laudern
1038 4364 1179 4410 mereatur
1191 4353 1215 4408 si
1228 4363 1257 4409 te

108 4424 260 4494 necauerit,
280 4425 520 4494 quemadmodum
544 4427 690 4483 Idomenei
710 4445 780 4482 uxor
799 4428 888 4483 Meda
908 4436 936 4481 et
962 4426 1091 4481 adultera
1114 4425 1143 4480 in
1163 4426 1257 4480 Leuco

108 4495 161 4553 tuit
173 4506 201 4552 et
213 4495 262 4567 pia
274 4495 350 4552 dicta
362 4505 405 4554 est
418 4498 494 4567 quod
506 4498 638 4569 maritum
650 4499 754 4559 liberos
766 4516 833 4556 suos
846 4498 1042 4555 immolantem
1054 4514 1112 4554 non
1124 4495 1234 4554 tulerit!
