3126 4980
235 390 274 445 46
490 412 492 415 ·
717 384 899 445 SCHOLIA

277 564 326 621 92.
348 544 484 603 Plenius
505 542 661 619 ingenio:
688 543 706 601 1.
721 542 787 619 plus
801 560 891 619 quam
905 543 1000 619 possit
1012 542 1179 618 excogitari.
1221 542 1264 603 H.

278 641 326 700 95.
348 627 440 686 Ibin:
463 625 481 685 i.
496 625 597 684 similis
611 624 681 682 ibidi
695 634 814 702 propter
828 624 1040 684 inmunditiam.
1086 624 1119 684 C.

278 711 325 782 96.
351 708 428 767 has:
458 726 534 784 quae
555 716 622 765 sunt
643 705 673 763 in
694 705 768 764 libro
790 723 867 766 meo.
890 724 1007 782 preces
1029 725 1081 784 per
1101 706 1278 767 eontrarium
1296 707 1390 768 idest

235 788 461 866 imprecationes
476 799 504 847 et
518 788 735 846 maledictiones
749 787 780 845 in
793 805 851 846 me.
895 787 929 846 C.

278 886 326 947 97.
348 874 383 930 in
403 889 463 929 me.
506 868 683 945 Metaphora
696 878 741 928 est
757 877 873 945 sumpta
886 888 904 927 a
919 869 1070 929 sacerdote
1088 870 1137 947 qui
1157 870 1233 929 facta
1253 871 1307 930 diis
1327 870 1391 931 uic·

235 954 307 1012 tima
321 955 448 1012 securius
462 962 551 1019 uouet
564 961 595 1009 ut
609 969 662 1009 sua
675 950 746 1009 fiant
760 961 847 1025 uota;
867 950 912 1009 cui
926 951 1036 1011 debent
1053 951 1166 1011 fauere
1185 953 1216 1011 in
1234 953 1294 1013 suis
1312 953 1390 1012 uotis

236 1037 286 1113 qui
301 1037 443 1094 intersunt
458 1034 555 1092 sacris.
602 1031 636 1091 C.
778 1079 783 1089 .

282 1136 347 1175 101.
379 1116 525 1175 Pedibus
555 1114 669 1174 laeuis.
727 1113 763 1172 In
790 1112 899 1190 gaudio
926 1115 1086 1174 occurritur
1114 1115 1216 1175 dextro
1244 1115 1330 1193 pede,
1358 1117 1390 1176 in

235 1198 336 1258 sunere
357 1198 451 1256 laeu0.
496 1195 530 1255 C.

281 1299 347 1339 102.
369 1278 410 1337 Et
431 1279 563 1354 nigrae:
585 1277 658 1336 sicut
671 1278 702 1335 in
717 1277 825 1349 funere,
840 1277 908 1354 quia
921 1276 1027 1337 inuidis
1041 1278 1128 1337 funus
1142 1278 1272 1339 inminet.
1317 1279 1352 1340 C.

282 1381 348 1436 103.
370 1361 508 1419 ferales:
531 1360 549 1418 i.
564 1358 727 1417 mortiferas
741 1377 759 1416 a
774 1359 857 1418 seron
873 1360 955 1436 quod
970 1369 1014 1418 est
1027 1370 1184 1420 mortuum.
1229 1360 1263 1420 C.

278 1445 399 1502 uittas:
430 1443 536 1518 quibus
560 1441 748 1499 inuoluuntur
777 1441 872 1516 capita
900 1452 1091 1511 mortuorum,
1115 1442 1163 1500 uel
1191 1442 1286 1500 tedas
1313 1461 1391 1519 quae

236 1525 402 1585 ferebantur
416 1524 454 1582 ad
473 1523 652 1599 sepulturam
673 1541 741 1580 cum
761 1540 823 1581 non
842 1531 918 1581 esset
935 1531 1005 1581 tunc
1023 1541 1093 1582 usus
1111 1524 1305 1597 candelarum,
1321 1525 1391 1601 quia

237 1625 274 1666 ex
289 1609 365 1684 ipsis‘
373 1606 587 1665 accendebatur
600 1603 676 1679 ignis
690 1604 751 1662 siue
765 1621 864 1679 rogus
910 1602 943 1663 C.

282 1708 347 1760 104.
368 1687 495 1746 funeris
524 1704 579 1745 ara
606 1685 665 1744 tui.
716 1685 820 1762 Rogus
844 1694 889 1744 est
913 1702 1054 1746 accensus
1079 1705 1147 1746 cum
1172 1703 1232 1765 quo
1257 1696 1390 1746 mortuus

237 1771 425 1831 combureris.
467 1768 510 1827 H.
919 1818 920 1822 ,

282 1866 348 1926 107.
373 1851 478 1909 Terra
505 1850 577 1909 tibi.
628 1849 706 1909 Ecce
734 1849 824 1909 uerba
851 1848 901 1909 tibi
930 1848 1096 1910 execrantia
1120 1851 1203 1927 quasi
1231 1850 1391 1911 sacerdotis

237 1933 433 1994 sacrificaturi.
477 1932 511 1991 C.
760 1982 763 1985 .

282 2034 348 2086 114.
370 2032 428 2073 ore
448 2023 630 2074 tremente:
651 2014 670 2072 1.
685 2012 815 2090 queru10,
830 2011 904 2072 sicut
923 2013 1075 2073 mendicus
1093 2031 1236 2092 quaerens
1250 2032 1302 2091 per
1316 2013 1391 2072 ostia

237 2114 354 2175 panem.
399 2094 430 2154 C.

283 2197 348 2252 119.
371 2177 497 2236 odium.
540 2176 619 2236 Odio
634 2175 768 2236 habearis
782 2195 819 2234 ex
833 2175 890 2234 tuis
905 2176 1134 2236 aduersitatibus.
1179 2175 1212 2236 C.

284 2278 348 2317 121.
371 2258 473 2316 solito
488 2257 607 2316 fauore
622 2258 640 2317 i.
655 2258 853 2316 miserantium
869 2258 1085 2336 compassione.
1129 2258 1163 2317 C.

284 2360 350 2401 122.
372 2338 547 2398 *Aerumnae
564 2341 661 2416 facz'es
686 2340 755 2417 quia
779 2339 847 2399 dicit
870 2339 948 2399 mala
970 2340 1096 2399 ualentia
1119 2339 1224 2400 inferre
1252 2349 1388 2400 mortem.

284 2519 350 2579 127.
372 2502 551 2562 Euenient.
593 2501 700 2563 Precor
720 2511 753 2562 ut
769 2502 843 2560 haec
862 2502 939 2562 mala
957 2503 1093 2563 eueniant
1107 2502 1158 2563 tibi
1180 2512 1209 2562 et
1225 2513 1303 2563 certe
1322 2522 1390 2563 eue-

237 2587 327 2647 nient.
372 2584 405 2644 C.

281 2665 368 2742 *quae
381 2667 455 2725 mihi
465 2667 549 2724 tarda
562 2666 638 2724 uenit
646 2685 659 2723 .·
680 2674 712 2723 ut
725 2683 822 2724 meam
837 2666 918 2724 finiat
932 2665 1087 2725 miseriam.
1131 2666 1164 2725 C.

284 2768 350 2824 132.
372 2767 445 2807 sera
467 2749 577 2807 uenit:
610 2756 752 2823 quantum
773 2747 811 2806 ad
832 2758 869 2820 te,
891 2749 960 2824 quia
980 2749 1069 2807 uelles
1092 2766 1140 2806 me
1162 2749 1221 2807 iam
1242 2757 1390 2807 mortuum

239 2849 314 2902 csse,
329 2831 375 2889 uel
390 2839 531 2907 quantum
546 2829 583 2888 ad
597 2848 654 2899 me,
667 2830 734 2904 quia
747 2829 861 2889 miseris
876 2846 957 2888 mors
971 2841 1015 2889 est
1029 2831 1167 2889 inuocare
1180 2839 1313 2889 mortem.
1344 2830 1377 2889 C.

284 2927 351 2986 152.
372 2912 525 2988 plebeio:
547 2912 620 2970 sicut
635 2911 708 2970 solet
722 2911 829 2970 habere
844 2911 936 2988 plebe,
951 2913 1020 2988 quia
1034 2930 1096 2970 non
1110 2911 1280 2971 honorifico.
1326 2910 1360 2971 C.

284 3009 350 3070 173.
371 2994 502 3071 Elysiis.
544 2993 634 3070 Elysii
648 3001 717 3052 sunt
731 2994 828 3070 campi
842 2994 967 3070 piorum.
1012 2994 1045 3053 C.

282 3097 350 3152 209.
373 3075 481 3135 Natus
503 3094 538 3135 es
558 3074 684 3134 infelix.
727 3074 913 3134 Planetarum
934 3075 980 3133 alii
1000 3075 1121 3150 benigni
1143 3084 1266 3145 tantum,
1287 3083 1320 3134 ut
1341 3074 1390 3133 Iu-

239 3160 315 3237 piter
333 3169 361 3218 et
375 3157 495 3230 Venus;
517 3157 565 3216 alii
584 3157 661 3229 mali,
677 3166 708 3215 ut
723 3156 804 3215 Mars
820 3167 847 3217 et
863 3157 1022 3229 Saturnus;
1045 3157 1091 3216 alii
1106 3157 1278 3228 mediocres
1293 3165 1325 3215 ut
1340 3156 1390 3216 Sol

239 3252 269 3302 et
283 3241 385 3312 Luna3
407 3259 477 3298 nam
493 3239 544 3298 Sol
558 3239 716 3316 aliquando
730 3257 782 3314 per
795 3248 949 3315 aspectum
964 3239 1087 3298 nociuus
1101 3249 1152 3298 est.
1199 3237 1233 3298 C.
1264 3297 1270 3303 ,

280 3323 318 3381 ib.
340 3321 448 3380 Probat
461 3331 562 3380 auctor
576 3320 657 3398 quod
672 3320 743 3378 dixit
758 3339 846 3396 supra
860 3320 941 3396 quod
954 3330 1040 3397 aptus
1052 3321 1087 3378 sit
1100 3320 1217 3379 inuidus
1227 3320 1264 3378 ad
1279 3338 1392 3395 poenas

238 3403 462 3463 innumerabiles
479 3402 639 3478 patiendas
654 3411 683 3460 et
702 3401 758 3460 hoc
776 3403 880 3478 probat
899 3403 994 3478 primo
1009 3413 1150 3479 quantum
1168 3403 1205 3461 ad
1225 3402 1318 3461 sidera
1333 3403 1390 3460 dis·
1467 3412 1469 3420 ’

238 3485 387 3563 ponentia,
404 3495 437 3541 2⁰
451 3493 592 3561 quantum
607 3484 644 3542 ad
659 3483 743 3559 signa
757 3483 868 3541 malum
883 3484 1075 3559 significantia
1094 3485 1143 3556 ibi,
1162 3483 1234 3542 Lux
1255 3501 1391 3560 quoque

239 3565 383 3706 11111ὲί1,8
381 3567 465 3705 teptio
477 3574 620 3706 qugntum
634 3565 673 3624 ad
687 3564 745 3623 sata
756 3566 945 3641 cooperantia
957 3567 1006 3638 ibi,
1017 3566 1174 3626 Protinus
1187 3565 1390 3626 Eumenides

238 3665 275 3709 ue
300 3650 309 3706 1
331 3649 347 3720 1,
388 3666 404 3705 e
433 3647 465 3705 11.
537 3690 544 3704 .

275 3862 319 3926 96.
338 3859 540 3927 imprecationis
552 3861 692 3913 execratio
706 3861 733 3916 G.

275 3947 318 3999 97.
337 3932 384 4000 qui
397 3930 500 3984 debent
513 3933 541 3986 C.

277 4020 336 4056 102.
354 4002 426 4055 funis
439 4004 468 4055 C.

278 4092 337 4139 ¹03·
355 4072 450 4143 uittas]
464 4073 554 4126 uictus
566 4074 595 4127 C.

277 4162 336 4210 107.
355 4147 440 4198 uerba
452 4145 502 4198 tibi
515 4148 551 4199 sic
563 4146 637 4199 codex
709 4147 865 4201 execrantia
878 4148 906 4202 G.

277 4235 336 4281 114.
355 4217 444 4270 hostia
457 4216 484 4270 G.

277 4304 335 4352 127.
354 4289 481 4341 euenient
495 4288 524 4342 G.
564 4350 566 4357 Α

277 4375 335 4423 132.
355 4366 495 4411 mortuum
508 4374 566 4412 esse
579 4358 623 4413 uel
635 4359 686 4413 tibi
699 4365 783 4414 etesi
797 4359 871 4414 idem
882 4374 976 4414 sensus
989 4360 1019 4415 G.

277 4444 336 4492 171.
355 4429 421 4482 elisii
433 4431 461 4484 G.

276 4517 335 4567 209.
355 4500 430 4568 quod
442 4501 517 4569 quod
529 4500 556 4555 d.
570 4517 591 4557 s.
604 4503 634 4556 G.
