<?xml version="1.0" encoding="UTF-8"?>
<!DOCTYPE html PUBLIC "-//W3C//DTD XHTML 1.0 Transitional//EN"
    "http://www.w3.org/TR/xhtml1/DTD/xhtml1-transitional.dtd">
<html xmlns="http://www.w3.org/1999/xhtml" xml:lang="en" lang="en">
 <head>
  <title>
</title>
<meta http-equiv="Content-Type" content="text/html;charset=utf-8" />
  <meta name='ocr-system' content='tesseract 3.04.00' />
  <meta name='ocr-capabilities' content='ocr_page ocr_carea ocr_par ocr_line ocrx_word'/>
</head>
<body>
  <div class='ocr_page' id='page_1' title='image "./povidiinasonisi00ovidgoog_0179.png"; bbox 0 0 3038 4988; ppageno 0'>
   <div class='ocr_carea' id='block_1_1' title="bbox 148 368 893 430">
    <p class='ocr_par' dir='ltr' id='par_1_1' title="bbox 148 368 893 430">
     <span class='ocr_line' id='line_1_1' title="bbox 148 368 893 430; baseline 0.001 -5"><span class='ocrx_word' id='word_1_1' title='bbox 148 372 204 426; x_wconf 85' lang='lat'><em>110</em></span> <span class='ocrx_word' id='word_1_2' title='bbox 547 368 893 430; x_wconf 82' lang='lat' dir='ltr'><strong>COMMENTARIVS.</strong></span> 
     </span>
    </p>
   </div>
   <div class='ocr_carea' id='block_1_2' title="bbox 132 526 1323 1384">
    <p class='ocr_par' dir='ltr' id='par_1_2' title="bbox 132 526 1323 1384">
     <span class='ocr_line' id='line_1_2' title="bbox 146 526 1322 596; baseline 0.002 -18"><span class='ocrx_word' id='word_1_3' title='bbox 146 527 237 594; x_wconf 86' lang='lat' dir='ltr'><em>Osque</em></span> <span class='ocrx_word' id='word_1_4' title='bbox 249 527 449 595; x_wconf 85' lang='lat' dir='ltr'><em>madensflctu.</em></span> <span class='ocrx_word' id='word_1_5' title='bbox 518 528 579 580; x_wconf 88' lang='lat'><strong>101.</strong></span> <span class='ocrx_word' id='word_1_6' title='bbox 600 529 827 591; x_wconf 79' lang='lat' dir='ltr'><em>Ominibusque</em></span> <span class='ocrx_word' id='word_1_7' title='bbox 842 526 917 580; x_wconf 88' lang='lat' dir='ltr'><em>MSS</em></span> <span class='ocrx_word' id='word_1_8' title='bbox 931 535 1021 581; x_wconf 92' lang='lat' dir='ltr'><em>recte.</em></span> <span class='ocrx_word' id='word_1_9' title='bbox 1066 527 1237 596; x_wconf 88' lang='lat' dir='ltr'>Quomodo</span> <span class='ocrx_word' id='word_1_10' title='bbox 1250 527 1322 581; x_wconf 89' lang='lat' dir='ltr'><em>enim</em></span> 
     </span>
     <span class='ocr_line' id='line_1_3' title="bbox 145 596 1323 667; baseline 0.003 -19"><span class='ocrx_word' id='word_1_11' title='bbox 145 596 234 664; x_wconf 87' lang='lat' dir='ltr'><em>fingas</em></span> <span class='ocrx_word' id='word_1_12' title='bbox 256 613 355 650; x_wconf 90' lang='lat' dir='ltr'><em>omnes</em></span> <span class='ocrx_word' id='word_1_13' title='bbox 377 597 424 667; x_wconf 91' lang='lat' dir='ltr'><em>qui</em></span> <span class='ocrx_word' id='word_1_14' title='bbox 447 597 565 651; x_wconf 89' lang='lat' dir='ltr'><em>aderant</em></span> <span class='ocrx_word' id='word_1_15' title='bbox 588 597 742 665; x_wconf 72' lang='lat' dir='ltr'><em>(qusquis</em></span> <span class='ocrx_word' id='word_1_16' title='bbox 762 598 848 664; x_wconf 76' lang='lat' dir='ltr'><em>ades)</em></span> <span class='ocrx_word' id='word_1_17' title='bbox 868 598 986 650; x_wconf 91' lang='lat' dir='ltr'><em>nomina</em></span> <span class='ocrx_word' id='word_1_18' title='bbox 1011 596 1150 651; x_wconf 81' lang='lat' dir='ltr'><em>inlausta</em></span> <span class='ocrx_word' id='word_1_19' title='bbox 1173 598 1323 653; x_wconf 86' lang='lat' dir='ltr'><em>attulisse?</em></span> 
     </span>
     <span class='ocr_line' id='line_1_4' title="bbox 144 666 1321 738; baseline 0.003 -19"><span class='ocrx_word' id='word_1_20' title='bbox 144 666 198 720; x_wconf 91' lang='lat' dir='ltr'><em>nisi</em></span> <span class='ocrx_word' id='word_1_21' title='bbox 217 668 288 721; x_wconf 82' lang='lat' dir='ltr'><em>sorte</em></span> <span class='ocrx_word' id='word_1_22' title='bbox 306 685 340 721; x_wconf 89' lang='lat' dir='ltr'><em>ex</em></span> <span class='ocrx_word' id='word_1_23' title='bbox 359 667 516 722; x_wconf 88' lang='lat' dir='ltr'><em>astantibus</em></span> <span class='ocrx_word' id='word_1_24' title='bbox 536 668 554 722; x_wconf 92' lang='lat' dir='ltr'><em>ii</em></span> <span class='ocrx_word' id='word_1_25' title='bbox 574 678 684 722; x_wconf 90' lang='lat' dir='ltr'><em>tantum</em></span> <span class='ocrx_word' id='word_1_26' title='bbox 706 668 828 722; x_wconf 83' lang='lat' dir='ltr'>citantur</span> <span class='ocrx_word' id='word_1_27' title='bbox 852 679 951 721; x_wconf 89' lang='lat' dir='ltr'><em>contra</em></span> <span class='ocrx_word' id='word_1_28' title='bbox 972 666 1041 720; x_wconf 88' lang='lat' dir='ltr'><strong>Ibin</strong></span> <span class='ocrx_word' id='word_1_29' title='bbox 1054 667 1118 738; x_wconf 82' lang='lat' dir='ltr'><em>qui</em></span> <span class='ocrx_word' id='word_1_30' title='bbox 1141 668 1265 723; x_wconf 89' lang='lat' dir='ltr'><em>nomine</em></span> <span class='ocrx_word' id='word_1_31' title='bbox 1283 669 1321 722; x_wconf 92' lang='lat' dir='ltr'><em>in-</em></span> 
     </span>
     <span class='ocr_line' id='line_1_5' title="bbox 143 738 1318 808; baseline 0.004 -19"><span class='ocrx_word' id='word_1_32' title='bbox 143 753 278 807; x_wconf 91' lang='lat' dir='ltr'><em>prospero</em></span> <span class='ocrx_word' id='word_1_33' title='bbox 297 738 430 808; x_wconf 90' lang='lat' dir='ltr'><em>appellati</em></span> <span class='ocrx_word' id='word_1_34' title='bbox 449 750 522 794; x_wconf 92' lang='lat' dir='ltr'><em>sunt.</em></span> <span class='ocrx_word' id='word_1_35' title='bbox 558 742 753 804; x_wconf 75' lang='lat' dir='ltr'>pedibusque</span> <span class='ocrx_word' id='word_1_36' title='bbox 771 742 925 793; x_wconf 80' lang='lat' dir='ltr'><em>occurrite</em></span> <span class='ocrx_word' id='word_1_37' title='bbox 942 741 1049 792; x_wconf 80' lang='lat' dir='ltr'><em>laeuis</em></span> <span class='ocrx_word' id='word_1_38' title='bbox 1069 741 1167 808; x_wconf 88' lang='lat' dir='ltr'><em>Apul.</em></span> <span class='ocrx_word' id='word_1_39' title='bbox 1188 742 1262 794; x_wconf 91' lang='lat' dir='ltr'><em>Met.</em></span> <span class='ocrx_word' id='word_1_40' title='bbox 1275 741 1318 808; x_wconf 91' lang='lat' dir='ltr'><em>i.5</em></span> 
     </span>
     <span class='ocr_line' id='line_1_6' title="bbox 143 808 1320 881; baseline 0.003 -20"><span class='ocrx_word' id='word_1_41' title='bbox 143 808 203 862; x_wconf 86' lang='lat' dir='ltr'><em>Sed</em></span> <span class='ocrx_word' id='word_1_42' title='bbox 218 815 252 862; x_wconf 94' lang='lat' dir='ltr'><em>ut</em></span> <span class='ocrx_word' id='word_1_43' title='bbox 259 810 332 878; x_wconf 82' lang='lat' dir='ltr'><em>fieri</em></span> <span class='ocrx_word' id='word_1_44' title='bbox 347 810 449 863; x_wconf 87' lang='lat' dir='ltr'><em>assolet</em></span> <span class='ocrx_word' id='word_1_45' title='bbox 465 812 582 863; x_wconf 90' lang='lat' dir='ltr'><em>sinistro</em></span> <span class='ocrx_word' id='word_1_46' title='bbox 594 811 666 879; x_wconf 72' lang='lat' dir='ltr'><em>pede</em></span> <span class='ocrx_word' id='word_1_47' title='bbox 678 811 836 879; x_wconf 72' lang='lat' dir='ltr'><em>profectum</em></span> <span class='ocrx_word' id='word_1_48' title='bbox 849 826 892 862; x_wconf 89' lang='lat' dir='ltr'><em>me</em></span> <span class='ocrx_word' id='word_1_49' title='bbox 906 812 968 878; x_wconf 71' lang='lat' dir='ltr'><em>spes</em></span> <span class='ocrx_word' id='word_1_50' title='bbox 979 811 1159 879; x_wconf 78' lang='lat' dir='ltr'><em>compendii</em></span> <span class='ocrx_word' id='word_1_51' title='bbox 1165 811 1320 881; x_wconf 86' lang='lat' dir='ltr'><em>frustrata</em></span> 
     </span>
     <span class='ocr_line' id='line_1_7' title="bbox 142 879 1318 950; baseline 0.004 -19"><span class='ocrx_word' id='word_1_52' title='bbox 142 884 191 933; x_wconf 89' lang='lat' dir='ltr'><em>est.</em></span> <span class='ocrx_word' id='word_1_53' title='bbox 229 881 335 933; x_wconf 84' lang='lat' dir='ltr'>Contra</span> <span class='ocrx_word' id='word_1_54' title='bbox 355 880 453 935; x_wconf 90' lang='lat' dir='ltr'><em>dextro</em></span> <span class='ocrx_word' id='word_1_55' title='bbox 470 881 544 950; x_wconf 93' lang='lat' dir='ltr'><em>pede</em></span> <span class='ocrx_word' id='word_1_56' title='bbox 563 880 615 935; x_wconf 91' lang='lat' dir='ltr'><em>iter</em></span> <span class='ocrx_word' id='word_1_57' title='bbox 634 880 743 950; x_wconf 85' lang='lat' dir='ltr'>ingredi</span> <span class='ocrx_word' id='word_1_58' title='bbox 762 880 829 934; x_wconf 91' lang='lat' dir='ltr'><em>boni</em></span> <span class='ocrx_word' id='word_1_59' title='bbox 848 879 950 933; x_wconf 91' lang='lat' dir='ltr'><em>ominis</em></span> <span class='ocrx_word' id='word_1_60' title='bbox 969 879 1023 934; x_wconf 81' lang='lat' dir='ltr'><em>luit</em></span> <span class='ocrx_word' id='word_1_61' title='bbox 1044 881 1143 936; x_wconf 90' lang='lat' dir='ltr'><em>Prud.</em></span> <span class='ocrx_word' id='word_1_62' title='bbox 1164 899 1190 936; x_wconf 91' lang='lat' dir='ltr'><em>c.</em></span> <span class='ocrx_word' id='word_1_63' title='bbox 1211 883 1318 950; x_wconf 88' lang='lat' dir='ltr'><em>Symm.</em></span> 
     </span>
     <span class='ocr_line' id='line_1_8' title="bbox 142 948 1317 1022; baseline 0.003 -20"><span class='ocrx_word' id='word_1_64' title='bbox 142 948 172 1002; x_wconf 89' lang='lat' dir='ltr'><em>ii.</em></span> <span class='ocrx_word' id='word_1_65' title='bbox 186 962 227 1018; x_wconf 85' lang='lat'><em>79,</em></span> <span class='ocrx_word' id='word_1_66' title='bbox 244 950 353 1004; x_wconf 90' lang='lat' dir='ltr'><em>Vitruu.</em></span> <span class='ocrx_word' id='word_1_67' title='bbox 366 950 404 1005; x_wconf 94' lang='lat' dir='ltr'><em>iii.</em></span> <span class='ocrx_word' id='word_1_68' title='bbox 417 966 472 1018; x_wconf 83' lang='lat'><em>4.4</em></span> <span class='ocrx_word' id='word_1_69' title='bbox 490 953 623 1020; x_wconf 82' lang='lat' dir='ltr'><em>Namque</em></span> <span class='ocrx_word' id='word_1_70' title='bbox 637 968 701 1005; x_wconf 90' lang='lat' dir='ltr'><em>cum</em></span> <span class='ocrx_word' id='word_1_71' title='bbox 717 952 817 1006; x_wconf 79' lang='lat' dir='ltr'><em>dextro</em></span> <span class='ocrx_word' id='word_1_72' title='bbox 831 951 899 1020; x_wconf 75' lang='lat' dir='ltr'><em>pede</em></span> <span class='ocrx_word' id='word_1_73' title='bbox 910 953 1030 1020; x_wconf 66' lang='lat' dir='ltr'><em>pmmus</em></span> <span class='ocrx_word' id='word_1_74' title='bbox 1042 953 1173 1020; x_wconf 80' lang='lat' dir='ltr'><em>gradus</em></span> <span class='ocrx_word' id='word_1_75' title='bbox 1192 950 1317 1022; x_wconf 90' lang='lat' dir='ltr'><em>(templi)</em></span> 
     </span>
     <span class='ocr_line' id='line_1_9' title="bbox 143 1021 1317 1093; baseline 0.005 -21"><span class='ocrx_word' id='word_1_76' title='bbox 143 1021 313 1074; x_wconf 72' lang='lat' dir='ltr'><em>ascendatur</em></span> <span class='ocrx_word' id='word_1_77' title='bbox 328 1022 395 1074; x_wconf 89' lang='lat' dir='ltr'><em>item</em></span> <span class='ocrx_word' id='word_1_78' title='bbox 413 1023 445 1075; x_wconf 89' lang='lat' dir='ltr'><em>in</em></span> <span class='ocrx_word' id='word_1_79' title='bbox 462 1039 571 1075; x_wconf 88' lang='lat' dir='ltr'><em>summo</em></span> <span class='ocrx_word' id='word_1_80' title='bbox 590 1023 692 1093; x_wconf 73' lang='lat' dir='ltr'><em>templo</em></span> <span class='ocrx_word' id='word_1_81' title='bbox 707 1024 824 1091; x_wconf 75' lang='lat' dir='ltr'><em>primus</em></span> <span class='ocrx_word' id='word_1_82' title='bbox 840 1023 897 1075; x_wconf 87' lang='lat' dir='ltr'><em>erit</em></span> <span class='ocrx_word' id='word_1_83' title='bbox 909 1021 1072 1091; x_wconf 77' lang='lat' dir='ltr'><em>ponendus.</em></span> <span class='ocrx_word' id='word_1_84' title='bbox 1116 1024 1190 1077; x_wconf 88' lang='lat' dir='ltr'><em>Eur.</em></span> <span class='ocrx_word' id='word_1_85' title='bbox 1214 1025 1317 1078; x_wconf 85' lang='lat' dir='ltr'><em>Bacch</em></span> 
     </span>
     <span class='ocr_line' id='line_1_10' title="bbox 143 1090 1318 1163; baseline 0.004 -20"><span class='ocrx_word' id='word_1_86' title='bbox 143 1091 290 1159; x_wconf 80' lang='lat' dir='ltr'><em>943,4’Eu</em></span> <span class='ocrx_word' id='word_1_87' title='bbox 308 1092 379 1160; x_wconf 76' lang='grc' dir='ltr'>δεξιᾷ</span> <span class='ocrx_word' id='word_1_88' title='bbox 397 1092 447 1162; x_wconf 70' lang='grc' dir='ltr'><em>χρὴ</em></span> <span class='ocrx_word' id='word_1_89' title='bbox 466 1092 536 1162; x_wconf 78' lang='grc' dir='ltr'><em>χᾶμα</em></span> <span class='ocrx_word' id='word_1_90' title='bbox 554 1092 630 1161; x_wconf 69' lang='grc' dir='ltr'>δεξιῷ</span> <span class='ocrx_word' id='word_1_91' title='bbox 648 1093 709 1147; x_wconf 81' lang='grc' dir='ltr'>ποδὶ</span> <span class='ocrx_word' id='word_1_92' title='bbox 728 1090 814 1162; x_wconf 71' lang='lat' dir='ltr'><em>Aipeia</em></span> <span class='ocrx_word' id='word_1_93' title='bbox 832 1114 878 1145; x_wconf 90' lang='grc' dir='ltr'>νιν.</span> <span class='ocrx_word' id='word_1_94' title='bbox 917 1093 1031 1146; x_wconf 88' lang='lat' dir='ltr'><em>Petron.</em></span> <span class='ocrx_word' id='word_1_95' title='bbox 1046 1107 1096 1161; x_wconf 83' lang='lat'><em>30,</em></span> <span class='ocrx_word' id='word_1_96' title='bbox 1120 1094 1175 1148; x_wconf 91' lang='lat' dir='ltr'><em>Sil.</em></span> <span class='ocrx_word' id='word_1_97' title='bbox 1195 1093 1246 1148; x_wconf 83' lang='lat' dir='ltr'><em>vii.</em></span> <span class='ocrx_word' id='word_1_98' title='bbox 1264 1109 1318 1163; x_wconf 89' lang='lat'>171,</span> 
     </span>
     <span class='ocr_line' id='line_1_11' title="bbox 142 1163 1319 1232; baseline 0.006 -18"><span class='ocrx_word' id='word_1_99' title='bbox 142 1163 214 1216; x_wconf 88' lang='lat' dir='ltr'><em>Aen.</em></span> <span class='ocrx_word' id='word_1_100' title='bbox 229 1181 253 1216; x_wconf 87' lang='lat' dir='ltr'><em>x.</em></span> <span class='ocrx_word' id='word_1_101' title='bbox 267 1174 299 1230; x_wconf 84' lang='lat'><em>25</em></span> <span class='ocrx_word' id='word_1_102' title='bbox 305 1174 317 1230; x_wconf 94' lang='lat'><strong>5</strong></span> <span class='ocrx_word' id='word_1_103' title='bbox 332 1180 402 1232; x_wconf 92' lang='lat' dir='ltr'><em>quos</em></span> <span class='ocrx_word' id='word_1_104' title='bbox 420 1164 497 1217; x_wconf 91' lang='lat' dir='ltr'><em>locos</em></span> <span class='ocrx_word' id='word_1_105' title='bbox 517 1163 658 1232; x_wconf 86' lang='lat' dir='ltr'>congessit</span> <span class='ocrx_word' id='word_1_106' title='bbox 678 1165 780 1232; x_wconf 91' lang='lat' dir='ltr'><em>Mayor</em></span> <span class='ocrx_word' id='word_1_107' title='bbox 796 1165 833 1217; x_wconf 88' lang='lat' dir='ltr'><em>ad</em></span> <span class='ocrx_word' id='word_1_108' title='bbox 852 1165 949 1217; x_wconf 92' lang='lat' dir='ltr'><em>luuen.</em></span> <span class='ocrx_word' id='word_1_109' title='bbox 961 1181 987 1216; x_wconf 88' lang='lat' dir='ltr'><em>x.</em></span> <span class='ocrx_word' id='word_1_110' title='bbox 1003 1175 1028 1231; x_wconf 92' lang='lat'><em>5.</em></span> <span class='ocrx_word' id='word_1_111' title='bbox 1109 1165 1184 1221; x_wconf 88' lang='grc'><strong>103.</strong></span> <span class='ocrx_word' id='word_1_112' title='bbox 1204 1167 1319 1221; x_wconf 75' lang='lat' dir='ltr'><strong>ferales</strong></span> 
     </span>
     <span class='ocr_line' id='line_1_12' title="bbox 142 1232 1319 1307; baseline 0.005 -23"><span class='ocrx_word' id='word_1_113' title='bbox 142 1232 274 1286; x_wconf 77' lang='lat' dir='ltr'>funebres</span> <span class='ocrx_word' id='word_1_114' title='bbox 288 1235 334 1287; x_wconf 92' lang='lat' dir='ltr'><em>Tr.</em></span> <span class='ocrx_word' id='word_1_115' title='bbox 348 1232 386 1287; x_wconf 91' lang='lat' dir='ltr'><em>iii.</em></span> <span class='ocrx_word' id='word_1_116' title='bbox 400 1249 424 1302; x_wconf 86' lang='lat'><em>3.</em></span> <span class='ocrx_word' id='word_1_117' title='bbox 438 1235 481 1289; x_wconf 88' lang='lat'><em>81.</em></span> <span class='ocrx_word' id='word_1_118' title='bbox 511 1238 611 1289; x_wconf 84' lang='lat' dir='ltr'><em>uittae</em></span> <span class='ocrx_word' id='word_1_119' title='bbox 623 1236 693 1288; x_wconf 87' lang='lat' dir='ltr'><em>Aen.</em></span> <span class='ocrx_word' id='word_1_120' title='bbox 705 1234 732 1288; x_wconf 93' lang='lat' dir='ltr'><em>ii.</em></span> <span class='ocrx_word' id='word_1_121' title='bbox 747 1246 794 1302; x_wconf 90' lang='lat'><em>155</em></span> <span class='ocrx_word' id='word_1_122' title='bbox 809 1251 859 1287; x_wconf 93' lang='lat' dir='ltr'><em>uos</em></span> <span class='ocrx_word' id='word_1_123' title='bbox 870 1251 938 1287; x_wconf 88' lang='lat' dir='ltr'><em>arae</em></span> <span class='ocrx_word' id='word_1_124' title='bbox 949 1249 1085 1302; x_wconf 81' lang='lat' dir='ltr'><em>ensesque</em></span> <span class='ocrx_word' id='word_1_125' title='bbox 1098 1235 1232 1304; x_wconf 79' lang='lat' dir='ltr'><em>nefandi</em></span> <span class='ocrx_word' id='word_1_126' title='bbox 1245 1237 1319 1307; x_wconf 82' lang='lat' dir='ltr'><em>Quos</em></span> 
     </span>
     <span class='ocr_line' id='line_1_13' title="bbox 132 1303 1320 1384; baseline 0.007 -29"><span class='ocrx_word' id='word_1_127' title='bbox 132 1303 214 1372; x_wconf 82' lang='lat' dir='ltr'><em>fugi,</em></span> <span class='ocrx_word' id='word_1_128' title='bbox 228 1305 370 1384; x_wconf 74' lang='lat' dir='ltr'><em>uittaeque</em></span> <span class='ocrx_word' id='word_1_129' title='bbox 381 1305 472 1373; x_wconf 68' lang='lat' dir='ltr'><em>mum,</em></span> <span class='ocrx_word' id='word_1_130' title='bbox 485 1323 556 1374; x_wconf 90' lang='lat' dir='ltr'><em>quas</em></span> <span class='ocrx_word' id='word_1_131' title='bbox 567 1305 659 1358; x_wconf 78' lang='lat' dir='ltr'><em>hostia</em></span> <span class='ocrx_word' id='word_1_132' title='bbox 666 1306 746 1376; x_wconf 82' lang='lat' dir='ltr'><em>gessi</em></span> <span class='ocrx_word' id='word_1_133' title='bbox 758 1306 947 1370; x_wconf 63' lang='lat' dir='ltr'><em>(Burmannu</em></span> <span class='ocrx_word' id='word_1_134' title='bbox 1023 1306 1098 1360; x_wconf 88' lang='lat'><strong>104.</strong></span> <span class='ocrx_word' id='word_1_135' title='bbox 1117 1308 1254 1362; x_wconf 72' lang='lat' dir='ltr'><em>fimetis</em></span> <span class='ocrx_word' id='word_1_136' title='bbox 1266 1325 1320 1362; x_wconf 83' lang='lat' dir='ltr'><em>ara</em></span> 
     </span>
    </p>
   </div>
   <div class='ocr_carea' id='block_1_3' title="bbox 43 1373 1319 1445">
    <p class='ocr_par' dir='ltr' id='par_1_3' title="bbox 43 1373 1319 1445">
     <span class='ocr_line' id='line_1_14' title="bbox 43 1373 1319 1445; baseline 0.006 -19"><span class='ocrx_word' id='word_1_137' title='bbox 43 1380 53 1397; x_wconf 83' lang='lat'>⁸</span> <span class='ocrx_word' id='word_1_138' title='bbox 141 1377 198 1440; x_wconf 82' lang='lat' dir='ltr'><em>tui,</em></span> <span class='ocrx_word' id='word_1_139' title='bbox 223 1391 273 1428; x_wconf 90' lang='lat' dir='ltr'><em>ara</em></span> <span class='ocrx_word' id='word_1_140' title='bbox 297 1391 326 1427; x_wconf 91' lang='lat' dir='ltr'><em>m</em></span> <span class='ocrx_word' id='word_1_141' title='bbox 350 1393 407 1445; x_wconf 92' lang='lat' dir='ltr'><em>qua</em></span> <span class='ocrx_word' id='word_1_142' title='bbox 428 1375 629 1431; x_wconf 89' lang='lat' dir='ltr'><em>sacrificandus</em></span> <span class='ocrx_word' id='word_1_143' title='bbox 654 1393 693 1430; x_wconf 77' lang='lat' dir='ltr'><em>es</em></span> <span class='ocrx_word' id='word_1_144' title='bbox 732 1375 859 1430; x_wconf 89' lang='lat' dir='ltr'><em>Detorsit</em></span> <span class='ocrx_word' id='word_1_145' title='bbox 884 1373 1134 1443; x_wconf 86' lang='lat' dir='ltr'><em>significationem</em></span> <span class='ocrx_word' id='word_1_146' title='bbox 1161 1379 1319 1434; x_wconf 90' lang='lat' dir='ltr'><em>uerborum</em></span> 
     </span>
    </p>
   </div>
   <div class='ocr_carea' id='block_1_4' title="bbox 94 1445 1325 4559">
    <p class='ocr_par' dir='ltr' id='par_1_4' title="bbox 94 1445 1325 4559">
     <span class='ocr_line' id='line_1_15' title="bbox 133 1445 1319 1518; baseline 0.006 -21"><span class='ocrx_word' id='word_1_147' title='bbox 133 1445 252 1514; x_wconf 87' lang='lat' dir='ltr'><em>funeris</em></span> <span class='ocrx_word' id='word_1_148' title='bbox 270 1462 323 1498; x_wconf 87' lang='lat' dir='ltr'><em>are</em></span> <span class='ocrx_word' id='word_1_149' title='bbox 336 1462 408 1515; x_wconf 91' lang='lat' dir='ltr'><em>quae</em></span> <span class='ocrx_word' id='word_1_150' title='bbox 421 1446 491 1500; x_wconf 91' lang='lat' dir='ltr'><em>alias</em></span> <span class='ocrx_word' id='word_1_151' title='bbox 504 1463 556 1515; x_wconf 93' lang='lat' dir='ltr'><em>pro</em></span> <span class='ocrx_word' id='word_1_152' title='bbox 574 1464 624 1501; x_wconf 89' lang='lat' dir='ltr'><em>ara</em></span> <span class='ocrx_word' id='word_1_153' title='bbox 637 1446 785 1516; x_wconf 87' lang='lat' dir='ltr'>sepulcrali</span> <span class='ocrx_word' id='word_1_154' title='bbox 798 1445 925 1500; x_wconf 91' lang='lat' dir='ltr'><em>manium</em></span> <span class='ocrx_word' id='word_1_155' title='bbox 937 1445 1033 1513; x_wconf 89' lang='lat' dir='ltr'><em>posita</em></span> <span class='ocrx_word' id='word_1_156' title='bbox 1045 1456 1094 1500; x_wconf 91' lang='lat' dir='ltr'><em>est</em></span> <span class='ocrx_word' id='word_1_157' title='bbox 1111 1447 1207 1503; x_wconf 92' lang='lat' dir='ltr'><em>Trist.</em></span> <span class='ocrx_word' id='word_1_158' title='bbox 1222 1448 1263 1504; x_wconf 90' lang='lat' dir='ltr'><em>iii.</em></span> <span class='ocrx_word' id='word_1_159' title='bbox 1281 1465 1319 1518; x_wconf 87' lang='lat'><em>13.</em></span> 
     </span>
     <span class='ocr_line' id='line_1_16' title="bbox 142 1516 1321 1589; baseline 0.005 -21"><span class='ocrx_word' id='word_1_160' title='bbox 142 1530 173 1568; x_wconf 90' lang='lat'><em>21</em></span> <span class='ocrx_word' id='word_1_161' title='bbox 189 1516 312 1569; x_wconf 84' lang='lat' dir='ltr'><em>Funeris</em></span> <span class='ocrx_word' id='word_1_162' title='bbox 324 1534 378 1569; x_wconf 88' lang='lat' dir='ltr'><em>ora</em></span> <span class='ocrx_word' id='word_1_163' title='bbox 394 1516 474 1584; x_wconf 85' lang='lat' dir='ltr'><em>milu&#39;,</em></span> <span class='ocrx_word' id='word_1_164' title='bbox 491 1518 579 1578; x_wconf 79' lang='lat' dir='ltr'><em>ferali</em></span> <span class='ocrx_word' id='word_1_165' title='bbox 593 1520 684 1572; x_wconf 84' lang='lat' dir='ltr'><em>ct&#39;ncta</em></span> <span class='ocrx_word' id='word_1_166' title='bbox 702 1520 837 1586; x_wconf 75' lang='lat' dir='ltr'><em>cupresso,</em></span> <span class='ocrx_word' id='word_1_167' title='bbox 852 1517 990 1571; x_wconf 87' lang='lat' dir='ltr'><em>Conuenit</em></span> <span class='ocrx_word' id='word_1_168' title='bbox 1006 1521 1036 1570; x_wconf 85' lang='lat' dir='ltr'><em>et</em></span> <span class='ocrx_word' id='word_1_169' title='bbox 1053 1521 1321 1589; x_wconf 75' lang='lat' dir='ltr'><em>structesstamma</em></span> 
     </span>
     <span class='ocr_line' id='line_1_17' title="bbox 136 1587 1321 1658; baseline 0.008 -20"><span class='ocrx_word' id='word_1_170' title='bbox 136 1588 246 1656; x_wconf 76' lang='lat' dir='ltr'><em>parata</em></span> <span class='ocrx_word' id='word_1_171' title='bbox 258 1588 341 1656; x_wconf 81' lang='lat' dir='ltr'><em>rogis.</em></span> <span class='ocrx_word' id='word_1_172' title='bbox 380 1590 420 1641; x_wconf 92' lang='lat' dir='ltr'><em>M.</em></span> <span class='ocrx_word' id='word_1_173' title='bbox 434 1587 491 1641; x_wconf 93' lang='lat' dir='ltr'><em>viii.</em></span> <span class='ocrx_word' id='word_1_174' title='bbox 505 1589 558 1654; x_wconf 91' lang='lat'><em>480</em></span> <span class='ocrx_word' id='word_1_175' title='bbox 570 1589 648 1641; x_wconf 84' lang='lat' dir='ltr'><em>Ante</em></span> <span class='ocrx_word' id='word_1_176' title='bbox 659 1588 829 1658; x_wconf 75' lang='lat' dir='ltr'><em>sepulcrales</em></span> <span class='ocrx_word' id='word_1_177' title='bbox 840 1588 944 1657; x_wconf 82' lang='lat' dir='ltr'><em>infelix</em></span> <span class='ocrx_word' id='word_1_178' title='bbox 954 1589 1087 1641; x_wconf 71' lang='lat' dir='ltr'><em>constitit</em></span> <span class='ocrx_word' id='word_1_179' title='bbox 1099 1607 1186 1644; x_wconf 89' lang='lat' dir='ltr'><em>aras.</em></span> <span class='ocrx_word' id='word_1_180' title='bbox 1254 1594 1321 1648; x_wconf 82' lang='lat'><strong>105.</strong></span> 
     </span>
     <span class='ocr_line' id='line_1_18' title="bbox 141 1658 1322 1721; baseline 0.007 -11"><span class='ocrx_word' id='word_1_181' title='bbox 141 1660 263 1721; x_wconf 86' lang='lat' dir='ltr'><em>Pompa</em></span> <span class='ocrx_word' id='word_1_182' title='bbox 274 1667 302 1711; x_wconf 91' lang='lat' dir='ltr'><em>et</em></span> <span class='ocrx_word' id='word_1_183' title='bbox 316 1659 353 1711; x_wconf 86' lang='lat' dir='ltr'><em>ad</em></span> <span class='ocrx_word' id='word_1_184' title='bbox 365 1658 448 1711; x_wconf 87' lang='lat' dir='ltr'><em>funus</em></span> <span class='ocrx_word' id='word_1_185' title='bbox 461 1667 488 1713; x_wconf 91' lang='lat' dir='ltr'><em>et</em></span> <span class='ocrx_word' id='word_1_186' title='bbox 502 1659 539 1712; x_wconf 96' lang='lat' dir='ltr'><em>ad</em></span> <span class='ocrx_word' id='word_1_187' title='bbox 552 1659 720 1713; x_wconf 89' lang='lat' dir='ltr'><em>sacrificium</em></span> <span class='ocrx_word' id='word_1_188' title='bbox 733 1659 858 1713; x_wconf 87' lang='lat' dir='ltr'><em>refertur.</em></span> <span class='ocrx_word' id='word_1_189' title='bbox 895 1674 983 1712; x_wconf 87' lang='lat' dir='ltr'><em>mora</em></span> <span class='ocrx_word' id='word_1_190' title='bbox 994 1660 1084 1713; x_wconf 79' lang='lat' dir='ltr'><em>absit</em></span> <span class='ocrx_word' id='word_1_191' title='bbox 1098 1677 1141 1714; x_wconf 91' lang='lat' dir='ltr'><em>ne</em></span> <span class='ocrx_word' id='word_1_192' title='bbox 1157 1671 1191 1715; x_wconf 93' lang='lat' dir='ltr'><em>tu</em></span> <span class='ocrx_word' id='word_1_193' title='bbox 1204 1679 1322 1718; x_wconf 89' lang='lat' dir='ltr'><em>morare</em></span> 
     </span>
     <span class='ocr_line' id='line_1_19' title="bbox 142 1725 1323 1799; baseline 0.008 -19"><span class='ocrx_word' id='word_1_194' title='bbox 142 1727 308 1782; x_wconf 88' lang='lat' dir='ltr'><em>deuotiones</em></span> <span class='ocrx_word' id='word_1_195' title='bbox 326 1745 415 1798; x_wconf 88' lang='lat' dir='ltr'><em>meas,</em></span> <span class='ocrx_word' id='word_1_196' title='bbox 434 1739 518 1783; x_wconf 91' lang='lat' dir='ltr'><em>utne</em></span> <span class='ocrx_word' id='word_1_197' title='bbox 537 1747 590 1799; x_wconf 91' lang='lat' dir='ltr'><em>ego</em></span> <span class='ocrx_word' id='word_1_198' title='bbox 609 1729 724 1799; x_wconf 92' lang='lat' dir='ltr'><em>quidem</em></span> <span class='ocrx_word' id='word_1_199' title='bbox 743 1746 792 1783; x_wconf 91' lang='lat' dir='ltr'><em>eas</em></span> <span class='ocrx_word' id='word_1_200' title='bbox 811 1728 950 1783; x_wconf 91' lang='lat' dir='ltr'><em>demorari</em></span> <span class='ocrx_word' id='word_1_201' title='bbox 971 1725 1074 1795; x_wconf 83' lang='lat' dir='ltr'><em>(nulla</em></span> <span class='ocrx_word' id='word_1_202' title='bbox 1093 1747 1199 1786; x_wconf 86' lang='lat' dir='ltr'><em>mora</em></span> <span class='ocrx_word' id='word_1_203' title='bbox 1217 1740 1271 1789; x_wconf 82' lang='lat' dir='ltr'><em>eet</em></span> <span class='ocrx_word' id='word_1_204' title='bbox 1288 1739 1323 1788; x_wconf 83' lang='lat' dir='ltr'><em>in</em></span> 
     </span>
     <span class='ocr_line' id='line_1_20' title="bbox 141 1798 1323 1869; baseline 0.007 -17"><span class='ocrx_word' id='word_1_205' title='bbox 141 1815 192 1852; x_wconf 89' lang='lat' dir='ltr'><em>me</em></span> <span class='ocrx_word' id='word_1_206' title='bbox 204 1798 250 1868; x_wconf 88' lang='lat'><em>97)</em></span> <span class='ocrx_word' id='word_1_207' title='bbox 273 1799 364 1869; x_wconf 92' lang='lat' dir='ltr'><em>cupio.</em></span> <span class='ocrx_word' id='word_1_208' title='bbox 466 1803 532 1855; x_wconf 79' lang='lat'><strong>106.</strong></span> <span class='ocrx_word' id='word_1_209' title='bbox 550 1804 600 1854; x_wconf 87' lang='lat' dir='ltr'><em>Da</em></span> <span class='ocrx_word' id='word_1_210' title='bbox 620 1801 724 1869; x_wconf 90' lang='lat' dir='ltr'><em>praebe</em></span> <span class='ocrx_word' id='word_1_211' title='bbox 745 1803 890 1865; x_wconf 79' lang='lat' dir='ltr'><em>iugulum</em></span> <span class='ocrx_word' id='word_1_212' title='bbox 907 1798 1067 1853; x_wconf 87' lang='lat' dir='ltr'><em>feriendum</em></span> <span class='ocrx_word' id='word_1_213' title='bbox 1086 1805 1218 1858; x_wconf 82' lang='lat' dir='ltr'><em>cultris</em></span> <span class='ocrx_word' id='word_1_214' title='bbox 1241 1809 1323 1860; x_wconf 85' lang='lat' dir='ltr'><em>meis</em></span> 
     </span>
     <span class='ocr_line' id='line_1_21' title="bbox 142 1868 1325 1940; baseline 0.006 -17"><span class='ocrx_word' id='word_1_215' title='bbox 142 1869 189 1938; x_wconf 91' lang='lat' dir='ltr'><em>qui</em></span> <span class='ocrx_word' id='word_1_216' title='bbox 211 1880 239 1924; x_wconf 93' lang='lat' dir='ltr'><em>te</em></span> <span class='ocrx_word' id='word_1_217' title='bbox 260 1879 406 1940; x_wconf 84' lang='lat' dir='ltr'>tamquam</span> <span class='ocrx_word' id='word_1_218' title='bbox 428 1870 550 1924; x_wconf 88' lang='lat' dir='ltr'><em>hostiam</em></span> <span class='ocrx_word' id='word_1_219' title='bbox 571 1869 766 1925; x_wconf 87' lang='lat' dir='ltr'><em>immolaturus</em></span> <span class='ocrx_word' id='word_1_220' title='bbox 788 1888 858 1925; x_wconf 89' lang='lat' dir='ltr'><em>sum.</em></span> <span class='ocrx_word' id='word_1_221' title='bbox 897 1872 976 1924; x_wconf 92' lang='lat' dir='ltr'><em>Pont.</em></span> <span class='ocrx_word' id='word_1_222' title='bbox 997 1868 1025 1924; x_wconf 90' lang='lat' dir='ltr'><em>ii.</em></span> <span class='ocrx_word' id='word_1_223' title='bbox 1043 1885 1069 1939; x_wconf 92' lang='lat'><em>9.</em></span> <span class='ocrx_word' id='word_1_224' title='bbox 1089 1886 1128 1939; x_wconf 88' lang='lat'><em>31</em></span> <span class='ocrx_word' id='word_1_225' title='bbox 1156 1876 1225 1929; x_wconf 90' lang='lat' dir='ltr'><em>Nec</em></span> <span class='ocrx_word' id='word_1_226' title='bbox 1242 1877 1325 1930; x_wconf 86' lang='lat' dir='ltr'><em>dabit</em></span> 
     </span>
     <span class='ocr_line' id='line_1_22' title="bbox 140 1940 1324 2012; baseline 0.005 -18"><span class='ocrx_word' id='word_1_227' title='bbox 140 1943 252 1994; x_wconf 88' lang='lat' dir='ltr'><em>intonso</em></span> <span class='ocrx_word' id='word_1_228' title='bbox 278 1942 412 2012; x_wconf 80' lang='lat' dir='ltr'><em>iugulum</em></span> <span class='ocrx_word' id='word_1_229' title='bbox 438 1946 523 2011; x_wconf 77' lang='lat' dir='ltr'><em>caper</em></span> <span class='ocrx_word' id='word_1_230' title='bbox 547 1940 640 1995; x_wconf 81' lang='lat' dir='ltr'><em>hoste&#39;a</em></span> <span class='ocrx_word' id='word_1_231' title='bbox 660 1941 778 1995; x_wconf 78' lang='lat' dir='ltr'><em>Baccho.</em></span> <span class='ocrx_word' id='word_1_232' title='bbox 814 1945 919 1996; x_wconf 84' lang='lat' dir='ltr'><em>hostia</em></span> <span class='ocrx_word' id='word_1_233' title='bbox 939 1944 1016 2007; x_wconf 83' lang='lat' dir='ltr'><em>dira,</em></span> <span class='ocrx_word' id='word_1_234' title='bbox 1039 1952 1070 1994; x_wconf 91' lang='lat' dir='ltr'><em>ut</em></span> <span class='ocrx_word' id='word_1_235' title='bbox 1095 1945 1234 1999; x_wconf 82' lang='lat' dir='ltr'><em>ut&#39;ctima</em></span> <span class='ocrx_word' id='word_1_236' title='bbox 1256 1949 1324 2002; x_wconf 82' lang='lat' dir='ltr'><em>dim</em></span> 
     </span>
     <span class='ocr_line' id='line_1_23' title="bbox 141 2010 1324 2080; baseline 0.007 -15"><span class='ocrx_word' id='word_1_237' title='bbox 141 2014 176 2065; x_wconf 89' lang='grc' dir='ltr'><em>Α.</em></span> <span class='ocrx_word' id='word_1_238' title='bbox 196 2013 229 2066; x_wconf 91' lang='grc' dir='ltr'><em>Α.</em></span> <span class='ocrx_word' id='word_1_239' title='bbox 249 2010 266 2065; x_wconf 89' lang='lat' dir='ltr'><em>i.</em></span> <span class='ocrx_word' id='word_1_240' title='bbox 285 2026 344 2080; x_wconf 84' lang='lat'><em>334,</em></span> <span class='ocrx_word' id='word_1_241' title='bbox 365 2014 445 2065; x_wconf 92' lang='lat' dir='ltr'><em>Pont.</em></span> <span class='ocrx_word' id='word_1_242' title='bbox 461 2012 497 2066; x_wconf 87' lang='lat' dir='ltr'><em>iv.</em></span> <span class='ocrx_word' id='word_1_243' title='bbox 514 2027 539 2080; x_wconf 89' lang='lat'><em>9.</em></span> <span class='ocrx_word' id='word_1_244' title='bbox 555 2014 597 2080; x_wconf 87' lang='lat'><em>84,</em></span> <span class='ocrx_word' id='word_1_245' title='bbox 617 2012 653 2066; x_wconf 88' lang='lat' dir='ltr'><em>de</em></span> <span class='ocrx_word' id='word_1_246' title='bbox 671 2011 830 2066; x_wconf 78' lang='lat' dir='ltr'><em>dominibus</em></span> <span class='ocrx_word' id='word_1_247' title='bbox 848 2012 949 2066; x_wconf 91' lang='lat' dir='ltr'><em>dicitur</em></span> <span class='ocrx_word' id='word_1_248' title='bbox 965 2010 1012 2080; x_wconf 93' lang='lat' dir='ltr'><em>qui</em></span> <span class='ocrx_word' id='word_1_249' title='bbox 1032 2011 1219 2071; x_wconf 92' lang='lat' dir='ltr'><em>animalium</em></span> <span class='ocrx_word' id='word_1_250' title='bbox 1240 2035 1324 2073; x_wconf 89' lang='lat' dir='ltr'><em>more</em></span> 
     </span>
     <span class='ocr_line' id='line_1_24' title="bbox 141 2083 1323 2153; baseline 0.007 -18"><span class='ocrx_word' id='word_1_251' title='bbox 141 2090 309 2136; x_wconf 89' lang='lat' dir='ltr'><em>mactantur.</em></span> <span class='ocrx_word' id='word_1_252' title='bbox 388 2084 528 2137; x_wconf 72' lang='lat' dir='ltr'><em>lot-126.</em></span> <span class='ocrx_word' id='word_1_253' title='bbox 567 2085 634 2137; x_wconf 93' lang='lat' dir='ltr'><em>Post</em></span> <span class='ocrx_word' id='word_1_254' title='bbox 656 2084 711 2136; x_wconf 93' lang='lat' dir='ltr'><em>hoc</em></span> <span class='ocrx_word' id='word_1_255' title='bbox 733 2083 887 2149; x_wconf 89' lang='lat' dir='ltr'><em>exordium,</em></span> <span class='ocrx_word' id='word_1_256' title='bbox 909 2099 965 2153; x_wconf 93' lang='lat' dir='ltr'><em>quo</em></span> <span class='ocrx_word' id='word_1_257' title='bbox 985 2083 1064 2136; x_wconf 91' lang='lat' dir='ltr'><em>haud</em></span> <span class='ocrx_word' id='word_1_258' title='bbox 1086 2084 1158 2139; x_wconf 87' lang='lat' dir='ltr'><em>scio</em></span> <span class='ocrx_word' id='word_1_259' title='bbox 1183 2104 1225 2142; x_wconf 89' lang='lat' dir='ltr'><em>an</em></span> <span class='ocrx_word' id='word_1_260' title='bbox 1250 2089 1323 2143; x_wconf 91' lang='lat' dir='ltr'>nihil</span> 
     </span>
     <span class='ocr_line' id='line_1_25' title="bbox 142 2152 1324 2227; baseline 0.006 -21"><span class='ocrx_word' id='word_1_261' title='bbox 142 2156 298 2221; x_wconf 86' lang='grc' dir='ltr'>σεμνότερον</span> <span class='ocrx_word' id='word_1_262' title='bbox 323 2152 351 2206; x_wconf 83' lang='lat' dir='ltr'><em>in</em></span> <span class='ocrx_word' id='word_1_263' title='bbox 376 2152 547 2207; x_wconf 84' lang='lat' dir='ltr'>carminibus</span> <span class='ocrx_word' id='word_1_264' title='bbox 574 2163 649 2208; x_wconf 87' lang='lat' dir='ltr'><em>extet</em></span> <span class='ocrx_word' id='word_1_265' title='bbox 675 2153 779 2222; x_wconf 85' lang='lat' dir='ltr'><em>Ouidii,</em></span> <span class='ocrx_word' id='word_1_266' title='bbox 806 2152 942 2223; x_wconf 84' lang='lat' dir='ltr'><em>incipiunt</em></span> <span class='ocrx_word' id='word_1_267' title='bbox 967 2152 1057 2206; x_wconf 80' lang='lat' dir='ltr'><em>instar</em></span> <span class='ocrx_word' id='word_1_268' title='bbox 1083 2152 1178 2221; x_wconf 81' lang='grc' dir='ltr'>ὕμνου</span> <span class='ocrx_word' id='word_1_269' title='bbox 1207 2158 1324 2227; x_wconf 83' lang='grc' dir='ltr'>δεσμίου</span> 
     </span>
     <span class='ocr_line' id='line_1_26' title="bbox 141 2223 1325 2293; baseline 0.008 -16"><span class='ocrx_word' id='word_1_270' title='bbox 141 2224 230 2277; x_wconf 89' lang='lat' dir='ltr'><em>uerba</em></span> <span class='ocrx_word' id='word_1_271' title='bbox 248 2223 310 2293; x_wconf 91' lang='lat' dir='ltr'><em>ipsa</em></span> <span class='ocrx_word' id='word_1_272' title='bbox 330 2223 471 2289; x_wconf 90' lang='lat' dir='ltr'><em>Dirarum,</em></span> <span class='ocrx_word' id='word_1_273' title='bbox 490 2224 592 2293; x_wconf 91' lang='lat' dir='ltr'><em>quibus</em></span> <span class='ocrx_word' id='word_1_274' title='bbox 611 2223 754 2278; x_wconf 89' lang='lat' dir='ltr'><em>simillima</em></span> <span class='ocrx_word' id='word_1_275' title='bbox 772 2235 815 2279; x_wconf 92' lang='lat' dir='ltr'><em>est</em></span> <span class='ocrx_word' id='word_1_276' title='bbox 833 2235 901 2279; x_wconf 91' lang='lat' dir='ltr'><em>nota</em></span> <span class='ocrx_word' id='word_1_277' title='bbox 917 2223 965 2278; x_wconf 89' lang='lat' dir='ltr'><em>illa</em></span> <span class='ocrx_word' id='word_1_278' title='bbox 981 2223 1100 2278; x_wconf 91' lang='lat' dir='ltr'><em>deuotio</em></span> <span class='ocrx_word' id='word_1_279' title='bbox 1128 2227 1325 2286; x_wconf 88' lang='lat' dir='ltr'><em>Southeiana</em></span> 
     </span>
     <span class='ocr_line' id='line_1_27' title="bbox 143 2294 1324 2364; baseline 0.008 -17"><span class='ocrx_word' id='word_1_280' title='bbox 143 2295 231 2348; x_wconf 89' lang='lat' dir='ltr'><em>Curse</em></span> <span class='ocrx_word' id='word_1_281' title='bbox 252 2295 285 2348; x_wconf 80' lang='lat' dir='ltr'><em>oi</em></span> <span class='ocrx_word' id='word_1_282' title='bbox 304 2295 434 2349; x_wconf 89' lang='lat' dir='ltr'><em>Kehama</em></span> <span class='ocrx_word' id='word_1_283' title='bbox 455 2294 484 2348; x_wconf 90' lang='lat' dir='ltr'><em>‘I</em></span> <span class='ocrx_word' id='word_1_284' title='bbox 504 2296 601 2349; x_wconf 91' lang='lat' dir='ltr'><em>charm</em></span> <span class='ocrx_word' id='word_1_285' title='bbox 623 2296 674 2364; x_wconf 90' lang='lat' dir='ltr'><em>thy</em></span> <span class='ocrx_word' id='word_1_286' title='bbox 690 2295 737 2350; x_wconf 86' lang='lat' dir='ltr'><em>life</em></span> <span class='ocrx_word' id='word_1_287' title='bbox 758 2295 830 2348; x_wconf 83' lang='lat' dir='ltr'><em>from</em></span> <span class='ocrx_word' id='word_1_288' title='bbox 852 2295 900 2350; x_wconf 91' lang='lat' dir='ltr'><em>the</em></span> <span class='ocrx_word' id='word_1_289' title='bbox 922 2310 1054 2363; x_wconf 86' lang='lat' dir='ltr'><em>weapons</em></span> <span class='ocrx_word' id='word_1_290' title='bbox 1076 2295 1113 2349; x_wconf 81' lang='lat' dir='ltr'><em>of</em></span> <span class='ocrx_word' id='word_1_291' title='bbox 1137 2299 1246 2354; x_wconf 91' lang='lat' dir='ltr'><em>strife’</em></span> <span class='ocrx_word' id='word_1_292' title='bbox 1269 2303 1324 2357; x_wconf 79' lang='lat' dir='ltr'><em>&amp;c</em></span> 
     </span>
     <span class='ocr_line' id='line_1_28' title="bbox 143 2364 1323 2436; baseline 0.009 -19"><span class='ocrx_word' id='word_1_293' title='bbox 143 2365 276 2418; x_wconf 90' lang='lat' dir='ltr'><em>Dirarum</em></span> <span class='ocrx_word' id='word_1_294' title='bbox 298 2375 429 2434; x_wconf 90' lang='lat' dir='ltr'><em>quattuor</em></span> <span class='ocrx_word' id='word_1_295' title='bbox 450 2376 545 2434; x_wconf 88' lang='lat' dir='ltr'><em>partes</em></span> <span class='ocrx_word' id='word_1_296' title='bbox 565 2365 638 2419; x_wconf 89' lang='lat' dir='ltr'><em>facio</em></span> <span class='ocrx_word' id='word_1_297' title='bbox 659 2366 844 2432; x_wconf 77' lang='lat'>6÷4=6÷4</span> <span class='ocrx_word' id='word_1_298' title='bbox 883 2368 992 2419; x_wconf 90' lang='lat' dir='ltr'><em>Harum</em></span> <span class='ocrx_word' id='word_1_299' title='bbox 1010 2364 1038 2417; x_wconf 94' lang='lat' dir='ltr'><em>in</em></span> <span class='ocrx_word' id='word_1_300' title='bbox 1058 2364 1104 2434; x_wconf 92' lang='lat'><em>(1)</em></span> <span class='ocrx_word' id='word_1_301' title='bbox 1120 2381 1274 2436; x_wconf 86' lang='lat' dir='ltr'>precatur</span> <span class='ocrx_word' id='word_1_302' title='bbox 1292 2383 1323 2427; x_wconf 92' lang='lat' dir='ltr'><em>ut</em></span> 
     </span>
     <span class='ocr_line' id='line_1_29' title="bbox 142 2435 1323 2505; baseline 0.008 -16"><span class='ocrx_word' id='word_1_303' title='bbox 142 2437 345 2490; x_wconf 90' lang='lat' dir='ltr'><em>elementorum</em></span> <span class='ocrx_word' id='word_1_304' title='bbox 367 2453 433 2490; x_wconf 92' lang='lat' dir='ltr'><em>usus</em></span> <span class='ocrx_word' id='word_1_305' title='bbox 456 2436 619 2490; x_wconf 89' lang='lat' dir='ltr'><em>aduersario</em></span> <span class='ocrx_word' id='word_1_306' title='bbox 639 2436 793 2505; x_wconf 89' lang='lat' dir='ltr'><em>denegetur</em></span> <span class='ocrx_word' id='word_1_307' title='bbox 817 2435 855 2504; x_wconf 83' lang='lat'><em>(2)</em></span> <span class='ocrx_word' id='word_1_308' title='bbox 876 2448 906 2490; x_wconf 95' lang='lat' dir='ltr'><em>ut</em></span> <span class='ocrx_word' id='word_1_309' title='bbox 925 2436 988 2490; x_wconf 89' lang='lat' dir='ltr'><em>exul</em></span> <span class='ocrx_word' id='word_1_310' title='bbox 1006 2443 1033 2489; x_wconf 91' lang='lat' dir='ltr'><em>et</em></span> <span class='ocrx_word' id='word_1_311' title='bbox 1053 2439 1220 2495; x_wconf 91' lang='lat' dir='ltr'><em>mendicus</em></span> <span class='ocrx_word' id='word_1_312' title='bbox 1244 2453 1323 2500; x_wconf 89' lang='lat' dir='ltr'><em>erret</em></span> 
     </span>
     <span class='ocr_line' id='line_1_30' title="bbox 141 2505 1323 2579; baseline 0.008 -20"><span class='ocrx_word' id='word_1_313' title='bbox 141 2505 170 2559; x_wconf 92' lang='lat' dir='ltr'><em>in</em></span> <span class='ocrx_word' id='word_1_314' title='bbox 182 2506 313 2561; x_wconf 86' lang='lat' dir='ltr'><em>maximis</em></span> <span class='ocrx_word' id='word_1_315' title='bbox 326 2507 478 2574; x_wconf 84' lang='lat' dir='ltr'><em>angoribus</em></span> <span class='ocrx_word' id='word_1_316' title='bbox 492 2507 531 2576; x_wconf 87' lang='lat'><em>(3)</em></span> <span class='ocrx_word' id='word_1_317' title='bbox 546 2517 576 2561; x_wconf 94' lang='lat' dir='ltr'><em>ut</em></span> <span class='ocrx_word' id='word_1_318' title='bbox 589 2524 654 2562; x_wconf 91' lang='lat' dir='ltr'><em>eum</em></span> <span class='ocrx_word' id='word_1_319' title='bbox 669 2525 754 2561; x_wconf 91' lang='lat' dir='ltr'><em>nemo</em></span> <span class='ocrx_word' id='word_1_320' title='bbox 770 2506 925 2574; x_wconf 90' lang='lat' dir='ltr'><em>miseretur,</em></span> <span class='ocrx_word' id='word_1_321' title='bbox 938 2505 1048 2561; x_wconf 91' lang='lat' dir='ltr'><em>oderint</em></span> <span class='ocrx_word' id='word_1_322' title='bbox 1067 2523 1190 2579; x_wconf 91' lang='lat' dir='ltr'><em>omnes,</em></span> <span class='ocrx_word' id='word_1_323' title='bbox 1206 2513 1323 2568; x_wconf 90' lang='lat' dir='ltr'><em>laeten-</em></span> 
     </span>
     <span class='ocr_line' id='line_1_31' title="bbox 142 2575 1321 2654; baseline 0.007 -22"><span class='ocrx_word' id='word_1_324' title='bbox 142 2588 242 2647; x_wconf 87' lang='lat' dir='ltr'><em>turque</em></span> <span class='ocrx_word' id='word_1_325' title='bbox 263 2578 399 2632; x_wconf 89' lang='lat' dir='ltr'><em>afflictum</em></span> <span class='ocrx_word' id='word_1_326' title='bbox 424 2577 621 2647; x_wconf 90' lang='lat' dir='ltr'><em>deiectumque</em></span> <span class='ocrx_word' id='word_1_327' title='bbox 642 2578 755 2633; x_wconf 83' lang='lat' dir='ltr'><em>fortuna</em></span> <span class='ocrx_word' id='word_1_328' title='bbox 777 2577 817 2644; x_wconf 83' lang='lat'><em>(4)</em></span> <span class='ocrx_word' id='word_1_329' title='bbox 838 2588 868 2631; x_wconf 91' lang='lat' dir='ltr'><em>ut</em></span> <span class='ocrx_word' id='word_1_330' title='bbox 890 2577 961 2631; x_wconf 91' lang='lat' dir='ltr'><em>mori</em></span> <span class='ocrx_word' id='word_1_331' title='bbox 982 2575 1049 2630; x_wconf 90' lang='lat' dir='ltr'><em>uelit</em></span> <span class='ocrx_word' id='word_1_332' title='bbox 1071 2594 1131 2632; x_wconf 92' lang='lat' dir='ltr'><em>nec</em></span> <span class='ocrx_word' id='word_1_333' title='bbox 1160 2581 1221 2636; x_wconf 91' lang='lat' dir='ltr'><em>nisi</em></span> <span class='ocrx_word' id='word_1_334' title='bbox 1251 2595 1321 2654; x_wconf 92' lang='lat' dir='ltr'><em>post</em></span> 
     </span>
     <span class='ocr_line' id='line_1_32' title="bbox 142 2646 1321 2718; baseline 0.008 -17"><span class='ocrx_word' id='word_1_335' title='bbox 142 2665 268 2702; x_wconf 92' lang='lat' dir='ltr'><em>summos</em></span> <span class='ocrx_word' id='word_1_336' title='bbox 282 2648 421 2703; x_wconf 90' lang='lat' dir='ltr'><em>cruciatus</em></span> <span class='ocrx_word' id='word_1_337' title='bbox 435 2659 519 2718; x_wconf 87' lang='lat' dir='ltr'><em>queat</em></span> <span class='ocrx_word' id='word_1_338' title='bbox 532 2649 612 2703; x_wconf 93' lang='lat' dir='ltr'><em>mori.</em></span> <span class='ocrx_word' id='word_1_339' title='bbox 653 2668 663 2679; x_wconf 80' lang='lat'><strong>.</strong></span> <span class='ocrx_word' id='word_1_340' title='bbox 706 2651 951 2704; x_wconf 69' lang='lat' dir='ltr'><em>niviodunus</em></span> <span class='ocrx_word' id='word_1_341' title='bbox 989 2646 1121 2716; x_wconf 87' lang='lat' dir='ltr'><em>Respicit</em></span> <span class='ocrx_word' id='word_1_342' title='bbox 1137 2652 1321 2710; x_wconf 88' lang='lat' dir='ltr'><em>Romanum</em></span> 
     </span>
     <span class='ocr_line' id='line_1_33' title="bbox 141 2718 1321 2795; baseline 0.006 -24"><span class='ocrx_word' id='word_1_343' title='bbox 141 2736 249 2773; x_wconf 88' lang='lat' dir='ltr'><em>morem</em></span> <span class='ocrx_word' id='word_1_344' title='bbox 272 2718 329 2788; x_wconf 85' lang='lat' dir='ltr'><em>igni</em></span> <span class='ocrx_word' id='word_1_345' title='bbox 351 2728 379 2773; x_wconf 89' lang='lat' dir='ltr'><em>et</em></span> <span class='ocrx_word' id='word_1_346' title='bbox 404 2736 479 2789; x_wconf 91' lang='lat' dir='ltr'><em>aqua</em></span> <span class='ocrx_word' id='word_1_347' title='bbox 500 2719 638 2789; x_wconf 76' lang='lat' dir='ltr'><em>(pontus)</em></span> <span class='ocrx_word' id='word_1_348' title='bbox 662 2718 847 2774; x_wconf 89' lang='lat' dir='ltr'><em>interdicendi</em></span> <span class='ocrx_word' id='word_1_349' title='bbox 870 2718 1039 2788; x_wconf 89' lang='lat' dir='ltr'><em>(Saluagn.).</em></span> <span class='ocrx_word' id='word_1_350' title='bbox 1077 2735 1112 2774; x_wconf 78' lang='lat' dir='ltr'><em>ee</em></span> <span class='ocrx_word' id='word_1_351' title='bbox 1141 2729 1321 2795; x_wconf 82' lang='lat' dir='ltr'><em>praebeat,</em></span> 
     </span>
     <span class='ocr_line' id='line_1_34' title="bbox 141 2789 1322 2860; baseline 0.008 -16"><span class='ocrx_word' id='word_1_352' title='bbox 141 2789 245 2844; x_wconf 89' lang='lat' dir='ltr'><em>seruiat</em></span> <span class='ocrx_word' id='word_1_353' title='bbox 267 2790 363 2844; x_wconf 92' lang='lat' dir='ltr'><em>usibus</em></span> <span class='ocrx_word' id='word_1_354' title='bbox 385 2791 449 2845; x_wconf 89' lang='lat' dir='ltr'><em>tuis.</em></span> <span class='ocrx_word' id='word_1_355' title='bbox 488 2792 552 2844; x_wconf 90' lang='lat' dir='ltr'><em>Am.</em></span> <span class='ocrx_word' id='word_1_356' title='bbox 571 2789 588 2844; x_wconf 89' lang='lat' dir='ltr'><em>i.</em></span> <span class='ocrx_word' id='word_1_357' title='bbox 608 2791 632 2846; x_wconf 89' lang='lat'><em>6.</em></span> <span class='ocrx_word' id='word_1_358' title='bbox 652 2805 683 2857; x_wconf 90' lang='lat'><em>41</em></span> <span class='ocrx_word' id='word_1_359' title='bbox 704 2792 812 2844; x_wconf 90' lang='lat' dir='ltr'><em>Lentus</em></span> <span class='ocrx_word' id='word_1_360' title='bbox 832 2792 883 2844; x_wconf 85' lang='lat' dir='ltr'><em>es?</em></span> <span class='ocrx_word' id='word_1_361' title='bbox 908 2807 946 2843; x_wconf 89' lang='lat' dir='ltr'><em>an</em></span> <span class='ocrx_word' id='word_1_362' title='bbox 966 2805 1081 2843; x_wconf 90' lang='lat' dir='ltr'><em>somnus</em></span> <span class='ocrx_word' id='word_1_363' title='bbox 1101 2795 1215 2860; x_wconf 89' lang='lat' dir='ltr'><em>quise</em></span> <span class='ocrx_word' id='word_1_364' title='bbox 1239 2799 1322 2852; x_wconf 88' lang='lat' dir='ltr'><em>male</em></span> 
     </span>
     <span class='ocr_line' id='line_1_35' title="bbox 137 2861 1320 2934; baseline 0.009 -22"><span class='ocrx_word' id='word_1_365' title='bbox 137 2861 254 2931; x_wconf 82' lang='lat' dir='ltr'><em>praebet</em></span> <span class='ocrx_word' id='word_1_366' title='bbox 273 2862 385 2915; x_wconf 89' lang='lat' dir='ltr'><em>amanti</em></span> <span class='ocrx_word' id='word_1_367' title='bbox 408 2862 494 2915; x_wconf 87' lang='lat' dir='ltr'><em>Verba</em></span> <span class='ocrx_word' id='word_1_368' title='bbox 514 2862 616 2915; x_wconf 91' lang='lat' dir='ltr'><em>datin</em></span> <span class='ocrx_word' id='word_1_369' title='bbox 638 2867 735 2915; x_wconf 91' lang='lat' dir='ltr'><em>uentos</em></span> <span class='ocrx_word' id='word_1_370' title='bbox 755 2878 825 2915; x_wconf 87' lang='lat' dir='ltr'><em>aure</em></span> <span class='ocrx_word' id='word_1_371' title='bbox 848 2862 962 2931; x_wconf 72' lang='lat' dir='ltr'><em>repulsa</em></span> <span class='ocrx_word' id='word_1_372' title='bbox 985 2861 1062 2914; x_wconf 83' lang='lat' dir='ltr'><em>tua?</em></span> <span class='ocrx_word' id='word_1_373' title='bbox 1164 2865 1320 2934; x_wconf 83' lang='lat'><em>113,114.</em></span> 
     </span>
     <span class='ocr_line' id='line_1_36' title="bbox 141 2930 1319 3001; baseline 0.007 -16"><span class='ocrx_word' id='word_1_374' title='bbox 141 2933 203 2987; x_wconf 85' lang='lat' dir='ltr'><em>Ael.</em></span> <span class='ocrx_word' id='word_1_375' title='bbox 226 2933 260 2987; x_wconf 88' lang='lat' dir='ltr'><em>V.</em></span> <span class='ocrx_word' id='word_1_376' title='bbox 281 2933 319 2987; x_wconf 92' lang='lat' dir='ltr'><em>H.</em></span> <span class='ocrx_word' id='word_1_377' title='bbox 339 2931 376 2987; x_wconf 87' lang='lat' dir='ltr'><em>iii.</em></span> <span class='ocrx_word' id='word_1_378' title='bbox 397 2947 431 3001; x_wconf 88' lang='lat'><em>29</em></span> <span class='ocrx_word' id='word_1_379' title='bbox 452 2932 574 3000; x_wconf 79' lang='grc' dir='ltr'>Διογένης</span> <span class='ocrx_word' id='word_1_380' title='bbox 595 2934 609 2984; x_wconf 85' lang='lat' dir='ltr'><em>&lt;i</em></span> <span class='ocrx_word' id='word_1_381' title='bbox 632 2931 758 2987; x_wconf 79' lang='grc' dir='ltr'>Σινωπεὺς</span> <span class='ocrx_word' id='word_1_382' title='bbox 779 2937 895 3001; x_wconf 83' lang='grc' dir='ltr'>συνεχῶς</span> <span class='ocrx_word' id='word_1_383' title='bbox 912 2930 1034 3001; x_wconf 81' lang='grc' dir='ltr'>έπελεγεν</span> <span class='ocrx_word' id='word_1_384' title='bbox 1053 2930 1120 3000; x_wconf 72' lang='grc' dir='ltr'>ὑπὲρ</span> <span class='ocrx_word' id='word_1_385' title='bbox 1145 2933 1252 2990; x_wconf 80' lang='grc' dir='ltr'>ἑαυτοῦ</span> <span class='ocrx_word' id='word_1_386' title='bbox 1276 2937 1319 2993; x_wconf 82' lang='grc' dir='ltr'><em>ὅτι</em></span> 
     </span>
     <span class='ocr_line' id='line_1_37' title="bbox 141 2996 1320 3075; baseline 0.003 -20"><span class='ocrx_word' id='word_1_387' title='bbox 141 3004 187 3058; x_wconf 86' lang='grc' dir='ltr'><em>τὰς</em></span> <span class='ocrx_word' id='word_1_388' title='bbox 207 3002 236 3055; x_wconf 79' lang='grc' dir='ltr'><em>εἰς</em></span> <span class='ocrx_word' id='word_1_389' title='bbox 255 3004 300 3070; x_wconf 83' lang='grc' dir='ltr'><em>τῆς</em></span> <span class='ocrx_word' id='word_1_390' title='bbox 317 3002 460 3073; x_wconf 84' lang='grc' dir='ltr'>τραγωδίας</span> <span class='ocrx_word' id='word_1_391' title='bbox 479 3002 541 3072; x_wconf 81' lang='grc' dir='ltr'>ἀρὰς</span> <span class='ocrx_word' id='word_1_392' title='bbox 561 3002 637 3058; x_wconf 76' lang='grc' dir='ltr'>αὐτὸς</span> <span class='ocrx_word' id='word_1_393' title='bbox 657 3003 782 3073; x_wconf 76' lang='grc' dir='ltr'>ἐκπληροῖ</span> <span class='ocrx_word' id='word_1_394' title='bbox 803 3003 843 3055; x_wconf 79' lang='grc' dir='ltr'><em>καλ</em></span> <span class='ocrx_word' id='word_1_395' title='bbox 862 3002 990 3071; x_wconf 75' lang='grc' dir='ltr'>ὑπομένει.</span> <span class='ocrx_word' id='word_1_396' title='bbox 1032 2996 1096 3054; x_wconf 82' lang='grc' dir='ltr'>εἶναι</span> <span class='ocrx_word' id='word_1_397' title='bbox 1116 3004 1176 3072; x_wconf 82' lang='grc' dir='ltr'><em>γὰρ</em></span> <span class='ocrx_word' id='word_1_398' title='bbox 1199 3010 1320 3075; x_wconf 79' lang='grc' dir='ltr'>Πλάνης</span> 
     </span>
     <span class='ocr_line' id='line_1_38' title="bbox 141 3070 1317 3162; baseline 0 -36"><span class='ocrx_word' id='word_1_399' title='bbox 141 3073 226 3128; x_wconf 79' lang='grc' dir='ltr'>ἄοικος</span> <span class='ocrx_word' id='word_1_400' title='bbox 249 3074 372 3144; x_wconf 74' lang='grc' dir='ltr'>πατρίδος</span> <span class='ocrx_word' id='word_1_401' title='bbox 393 3073 561 3162; x_wconf 78' lang='grc' dir='ltr'>ἐστερημένος</span> <span class='ocrx_word' id='word_1_402' title='bbox 581 3074 691 3143; x_wconf 84' lang='grc' dir='ltr'>Πτωχὸς</span> <span class='ocrx_word' id='word_1_403' title='bbox 712 3072 841 3141; x_wconf 84' lang='grc' dir='ltr'>δυσείμων</span> <span class='ocrx_word' id='word_1_404' title='bbox 862 3073 921 3133; x_wconf 84' lang='grc' dir='ltr'>βίον</span> <span class='ocrx_word' id='word_1_405' title='bbox 941 3073 1009 3143; x_wconf 79' lang='grc' dir='ltr'>ἔχων</span> <span class='ocrx_word' id='word_1_406' title='bbox 1028 3070 1176 3142; x_wconf 73' lang='grc' dir='ltr'>ἐφήμερον.</span> <span class='ocrx_word' id='word_1_407' title='bbox 1218 3079 1317 3136; x_wconf 79' lang='lat' dir='ltr'><em>Herc,</em></span> 
     </span>
     <span class='ocr_line' id='line_1_39' title="bbox 142 3143 1319 3214; baseline 0.002 -17"><span class='ocrx_word' id='word_1_408' title='bbox 142 3146 209 3198; x_wconf 87' lang='lat' dir='ltr'><em>Fur.</em></span> <span class='ocrx_word' id='word_1_409' title='bbox 221 3159 272 3214; x_wconf 86' lang='lat'><em>303</em></span> <span class='ocrx_word' id='word_1_410' title='bbox 288 3145 358 3199; x_wconf 83' lang='grc' dir='ltr'>ἀλλὰ</span> <span class='ocrx_word' id='word_1_411' title='bbox 377 3145 418 3197; x_wconf 81' lang='grc' dir='ltr'><em>καὶ</em></span> <span class='ocrx_word' id='word_1_412' title='bbox 437 3144 484 3197; x_wconf 82' lang='grc' dir='ltr'><em>τόδ</em></span> <span class='ocrx_word' id='word_1_413' title='bbox 513 3143 613 3211; x_wconf 78' lang='grc' dir='ltr'>ἄθλιον,</span> <span class='ocrx_word' id='word_1_414' title='bbox 630 3144 709 3212; x_wconf 80' lang='grc' dir='ltr'>Πενίᾳ</span> <span class='ocrx_word' id='word_1_415' title='bbox 729 3143 780 3198; x_wconf 82' lang='grc' dir='ltr'>σὺν</span> <span class='ocrx_word' id='word_1_416' title='bbox 800 3144 888 3213; x_wconf 76' lang='grc' dir='ltr'>οἰκτρᾷ</span> <span class='ocrx_word' id='word_1_417' title='bbox 908 3144 1058 3213; x_wconf 77' lang='grc' dir='ltr'>περιβαλεῖν</span> <span class='ocrx_word' id='word_1_418' title='bbox 1074 3145 1224 3213; x_wconf 85' lang='grc' dir='ltr'>σωτηρίαν.</span> <span class='ocrx_word' id='word_1_419' title='bbox 1269 3148 1319 3206; x_wconf 78' lang='grc' dir='ltr'><em>Ὧς</em></span> 
     </span>
     <span class='ocr_line' id='line_1_40' title="bbox 141 3211 1317 3287; baseline 0.005 -18"><span class='ocrx_word' id='word_1_420' title='bbox 141 3216 173 3269; x_wconf 81' lang='grc' dir='ltr'><em>τὰ</em></span> <span class='ocrx_word' id='word_1_421' title='bbox 186 3215 265 3282; x_wconf 77' lang='grc' dir='ltr'>ξένων</span> <span class='ocrx_word' id='word_1_422' title='bbox 280 3218 410 3283; x_wconf 87' lang='grc' dir='ltr'>πρόσωπα</span> <span class='ocrx_word' id='word_1_423' title='bbox 428 3213 572 3285; x_wconf 75' lang='grc' dir='ltr'>φεύγουσιν</span> <span class='ocrx_word' id='word_1_424' title='bbox 589 3211 738 3282; x_wconf 79' lang='grc' dir='ltr'>φίλοιςἛν</span> <span class='ocrx_word' id='word_1_425' title='bbox 756 3212 824 3285; x_wconf 73' lang='grc' dir='ltr'>ἦμαρ</span> <span class='ocrx_word' id='word_1_426' title='bbox 842 3214 889 3282; x_wconf 78' lang='grc' dir='ltr'><em>ἡδὺ</em></span> <span class='ocrx_word' id='word_1_427' title='bbox 904 3212 999 3284; x_wconf 80' lang='grc' dir='ltr'>βλέμμ’</span> <span class='ocrx_word' id='word_1_428' title='bbox 1016 3214 1086 3282; x_wconf 75' lang='grc' dir='ltr'>ἔχειν</span> <span class='ocrx_word' id='word_1_429' title='bbox 1104 3214 1197 3281; x_wconf 76' lang='grc' dir='ltr'>φασὶν</span> <span class='ocrx_word' id='word_1_430' title='bbox 1215 3222 1317 3287; x_wconf 89' lang='grc' dir='ltr'>μόνον.</span> 
     </span>
     <span class='ocr_line' id='line_1_41' title="bbox 140 3285 1316 3355; baseline 0.003 -16"><span class='ocrx_word' id='word_1_431' title='bbox 140 3288 202 3343; x_wconf 91' lang='grc'><strong>114.</strong></span> <span class='ocrx_word' id='word_1_432' title='bbox 219 3294 381 3352; x_wconf 83' lang='lat' dir='ltr'><em>tremente,</em></span> <span class='ocrx_word' id='word_1_433' title='bbox 406 3303 471 3340; x_wconf 91' lang='lat' dir='ltr'><em>cum</em></span> <span class='ocrx_word' id='word_1_434' title='bbox 492 3286 575 3354; x_wconf 86' lang='lat' dir='ltr'><em>fame,</em></span> <span class='ocrx_word' id='word_1_435' title='bbox 600 3296 659 3340; x_wconf 89' lang='lat' dir='ltr'><em>turn</em></span> <span class='ocrx_word' id='word_1_436' title='bbox 684 3285 786 3355; x_wconf 89' lang='lat' dir='ltr'><em>frigore</em></span> <span class='ocrx_word' id='word_1_437' title='bbox 808 3285 974 3354; x_wconf 85' lang='lat' dir='ltr'><em>(Saluagn.).</em></span> <span class='ocrx_word' id='word_1_438' title='bbox 1081 3285 1144 3340; x_wconf 85' lang='lat'><strong>115.</strong></span> <span class='ocrx_word' id='word_1_439' title='bbox 1166 3296 1316 3351; x_wconf 86' lang='lat' dir='ltr'><em>querulo</em></span> 
     </span>
     <span class='ocr_line' id='line_1_42' title="bbox 142 3353 1318 3428; baseline 0.003 -18"><span class='ocrx_word' id='word_1_440' title='bbox 142 3360 256 3424; x_wconf 82' lang='lat' dir='ltr'><em>dolore,</em></span> <span class='ocrx_word' id='word_1_441' title='bbox 277 3359 324 3428; x_wconf 93' lang='lat' dir='ltr'><em>qui</em></span> <span class='ocrx_word' id='word_1_442' title='bbox 344 3374 401 3410; x_wconf 92' lang='lat' dir='ltr'><em>non</em></span> <span class='ocrx_word' id='word_1_443' title='bbox 426 3366 500 3411; x_wconf 91' lang='lat' dir='ltr'><em>tacet</em></span> <span class='ocrx_word' id='word_1_444' title='bbox 523 3357 574 3411; x_wconf 91' lang='lat' dir='ltr'><em>sed</em></span> <span class='ocrx_word' id='word_1_445' title='bbox 596 3373 646 3426; x_wconf 91' lang='lat' dir='ltr'><em>per</em></span> <span class='ocrx_word' id='word_1_446' title='bbox 666 3357 805 3426; x_wconf 88' lang='lat' dir='ltr'><em>querellas</em></span> <span class='ocrx_word' id='word_1_447' title='bbox 823 3356 982 3411; x_wconf 81' lang='lat' dir='ltr'><em>effunditur.</em></span> <span class='ocrx_word' id='word_1_448' title='bbox 1015 3353 1099 3408; x_wconf 92' lang='lat' dir='ltr'><em>Trist.</em></span> <span class='ocrx_word' id='word_1_449' title='bbox 1113 3353 1154 3410; x_wconf 93' lang='lat' dir='ltr'><em>iii.</em></span> <span class='ocrx_word' id='word_1_450' title='bbox 1170 3359 1197 3413; x_wconf 90' lang='lat'><em>8.</em></span> <span class='ocrx_word' id='word_1_451' title='bbox 1213 3374 1252 3427; x_wconf 88' lang='lat'><em>32</em></span> <span class='ocrx_word' id='word_1_452' title='bbox 1268 3364 1318 3417; x_wconf 90' lang='lat' dir='ltr'><em>Et</em></span> 
     </span>
     <span class='ocr_line' id='line_1_43' title="bbox 142 3426 1315 3498; baseline 0.006 -17"><span class='ocrx_word' id='word_1_453' title='bbox 142 3445 297 3498; x_wconf 84' lang='lat' dir='ltr'><em>numquam</em></span> <span class='ocrx_word' id='word_1_454' title='bbox 310 3428 425 3498; x_wconf 86' lang='lat' dir='ltr'><em>queruli</em></span> <span class='ocrx_word' id='word_1_455' title='bbox 435 3445 520 3482; x_wconf 87' lang='lat' dir='ltr'><em>eausa</em></span> <span class='ocrx_word' id='word_1_456' title='bbox 531 3427 637 3482; x_wconf 81' lang='lat' dir='ltr'><em>dolon&#39;s</em></span> <span class='ocrx_word' id='word_1_457' title='bbox 648 3427 731 3481; x_wconf 89' lang='lat' dir='ltr'><em>abest.</em></span> <span class='ocrx_word' id='word_1_458' title='bbox 813 3429 873 3483; x_wconf 79' lang='lat'><strong>117.</strong></span> <span class='ocrx_word' id='word_1_459' title='bbox 892 3426 982 3481; x_wconf 85' lang='lat' dir='ltr'><em>‘That</em></span> <span class='ocrx_word' id='word_1_460' title='bbox 999 3426 1067 3480; x_wconf 96' lang='lat' dir='ltr'><em>thou</em></span> <span class='ocrx_word' id='word_1_461' title='bbox 1080 3438 1179 3493; x_wconf 89' lang='lat' dir='ltr'><em>mayst</em></span> <span class='ocrx_word' id='word_1_462' title='bbox 1194 3430 1259 3485; x_wconf 91' lang='lat' dir='ltr'><em>still</em></span> <span class='ocrx_word' id='word_1_463' title='bbox 1274 3434 1315 3488; x_wconf 91' lang='lat' dir='ltr'><em>be</em></span> 
     </span>
     <span class='ocr_line' id='line_1_44' title="bbox 141 3498 1314 3572; baseline 0.006 -21"><span class='ocrx_word' id='word_1_464' title='bbox 141 3498 251 3568; x_wconf 83' lang='lat' dir='ltr'><em>pitifull,</em></span> <span class='ocrx_word' id='word_1_465' title='bbox 263 3500 313 3553; x_wconf 94' lang='lat' dir='ltr'><em>but</em></span> <span class='ocrx_word' id='word_1_466' title='bbox 332 3498 420 3567; x_wconf 90' lang='lat' dir='ltr'><em>pitied</em></span> <span class='ocrx_word' id='word_1_467' title='bbox 438 3498 470 3552; x_wconf 84' lang='lat' dir='ltr'><em>of</em></span> <span class='ocrx_word' id='word_1_468' title='bbox 485 3515 578 3553; x_wconf 92' lang='lat' dir='ltr'><em>none:</em></span> <span class='ocrx_word' id='word_1_469' title='bbox 598 3498 664 3552; x_wconf 83' lang='lat' dir='ltr'><em>And</em></span> <span class='ocrx_word' id='word_1_470' title='bbox 682 3498 744 3552; x_wconf 89' lang='lat' dir='ltr'><em>that</em></span> <span class='ocrx_word' id='word_1_471' title='bbox 762 3515 800 3551; x_wconf 93' lang='lat' dir='ltr'><em>no</em></span> <span class='ocrx_word' id='word_1_472' title='bbox 818 3514 885 3552; x_wconf 91' lang='lat' dir='ltr'><em>man</em></span> <span class='ocrx_word' id='word_1_473' title='bbox 904 3514 956 3550; x_wconf 89' lang='lat' dir='ltr'><em>nor</em></span> <span class='ocrx_word' id='word_1_474' title='bbox 971 3513 1082 3550; x_wconf 88' lang='lat' dir='ltr'><em>woman</em></span> <span class='ocrx_word' id='word_1_475' title='bbox 1098 3513 1178 3565; x_wconf 89' lang='lat' dir='ltr'><em>may,</em></span> <span class='ocrx_word' id='word_1_476' title='bbox 1192 3500 1242 3554; x_wconf 85' lang='lat' dir='ltr'><em>for</em></span> <span class='ocrx_word' id='word_1_477' title='bbox 1257 3505 1314 3572; x_wconf 89' lang='lat' dir='ltr'><em>thy</em></span> 
     </span>
     <span class='ocr_line' id='line_1_45' title="bbox 142 3569 1312 3633; baseline 0.007 -11"><span class='ocrx_word' id='word_1_478' title='bbox 142 3569 339 3623; x_wconf 90' lang='lat' dir='ltr'><em>mischaunces</em></span> <span class='ocrx_word' id='word_1_479' title='bbox 352 3570 453 3622; x_wconf 85' lang='lat' dir='ltr'><em>mone&#39;</em></span> <span class='ocrx_word' id='word_1_480' title='bbox 474 3571 508 3624; x_wconf 90' lang='lat' dir='ltr'><em>T.</em></span> <span class='ocrx_word' id='word_1_481' title='bbox 521 3569 710 3624; x_wconf 92' lang='lat' dir='ltr'><em>Vnderdown.</em></span> <span class='ocrx_word' id='word_1_482' title='bbox 773 3571 834 3624; x_wconf 86' lang='grc'><strong>119.</strong></span> <span class='ocrx_word' id='word_1_483' title='bbox 852 3571 990 3623; x_wconf 80' lang='lat' dir='ltr'><em>Accedat</em></span> <span class='ocrx_word' id='word_1_484' title='bbox 1001 3569 1151 3633; x_wconf 70' lang='lat' dir='ltr'><em>lacrimis,</em></span> <span class='ocrx_word' id='word_1_485' title='bbox 1166 3575 1312 3630; x_wconf 91' lang='lat' dir='ltr'><em>cumulus</em></span> 
     </span>
     <span class='ocr_line' id='line_1_46' title="bbox 142 3638 1311 3718; baseline 0.006 -25"><span class='ocrx_word' id='word_1_486' title='bbox 142 3639 179 3694; x_wconf 91' lang='lat' dir='ltr'><em>sit</em></span> <span class='ocrx_word' id='word_1_487' title='bbox 193 3639 296 3693; x_wconf 92' lang='lat' dir='ltr'><em>doloris</em></span> <span class='ocrx_word' id='word_1_488' title='bbox 308 3639 357 3694; x_wconf 92' lang='lat' dir='ltr'><em>tui.</em></span> <span class='ocrx_word' id='word_1_489' title='bbox 395 3641 474 3693; x_wconf 91' lang='lat' dir='ltr'><em>Pont.</em></span> <span class='ocrx_word' id='word_1_490' title='bbox 489 3638 506 3693; x_wconf 88' lang='lat' dir='ltr'><em>i.</em></span> <span class='ocrx_word' id='word_1_491' title='bbox 521 3641 545 3694; x_wconf 93' lang='lat'><em>8.</em></span> <span class='ocrx_word' id='word_1_492' title='bbox 559 3640 601 3694; x_wconf 84' lang='lat'><em>26.</em></span> <span class='ocrx_word' id='word_1_493' title='bbox 740 3641 803 3705; x_wconf 79' lang='lat'><em>121,</em></span> <span class='ocrx_word' id='word_1_494' title='bbox 816 3643 844 3696; x_wconf 80' lang='lat'><em>2.</em></span> <span class='ocrx_word' id='word_1_495' title='bbox 864 3639 941 3692; x_wconf 91' lang='lat' dir='ltr'><em>Olim</em></span> <span class='ocrx_word' id='word_1_496' title='bbox 954 3638 995 3693; x_wconf 91' lang='lat' dir='ltr'><em>sic</em></span> <span class='ocrx_word' id='word_1_497' title='bbox 1007 3638 1213 3718; x_wconf 85' lang='lat' dir='ltr'><em>interpretatus</em></span> <span class='ocrx_word' id='word_1_498' title='bbox 1227 3660 1311 3700; x_wconf 91' lang='lat' dir='ltr'><em>sum.</em></span> 
     </span>
     <span class='ocr_line' id='line_1_47' title="bbox 144 3709 1312 3789; baseline 0.005 -25"><span class='ocrx_word' id='word_1_499' title='bbox 144 3715 252 3774; x_wconf 80' lang='lat' dir='ltr'><em>Sitque</em></span> <span class='ocrx_word' id='word_1_500' title='bbox 275 3712 372 3764; x_wconf 84' lang='lat' dir='ltr'><em>facies</em></span> <span class='ocrx_word' id='word_1_501' title='bbox 395 3713 555 3764; x_wconf 84' lang='lat' dir='ltr'><em>inuidiosa</em></span> <span class='ocrx_word' id='word_1_502' title='bbox 579 3710 768 3765; x_wconf 86' lang='lat' dir='ltr'><em>lamentabilis</em></span> <span class='ocrx_word' id='word_1_503' title='bbox 794 3711 839 3765; x_wconf 91' lang='lat' dir='ltr'><em>uel</em></span> <span class='ocrx_word' id='word_1_504' title='bbox 867 3709 988 3764; x_wconf 90' lang='lat' dir='ltr'><em>crudelis</em></span> <span class='ocrx_word' id='word_1_505' title='bbox 1013 3724 1130 3789; x_wconf 40' lang='lat' dir='ltr'><em>species·</em></span> <span class='ocrx_word' id='word_1_506' title='bbox 1144 3711 1312 3770; x_wconf 81' lang='lat' dir='ltr'><em>fortunae</em></span> 
     </span>
     <span class='ocr_line' id='line_1_48' title="bbox 142 3778 1310 3851; baseline 0.005 -16"><span class='ocrx_word' id='word_1_507' title='bbox 142 3779 317 3835; x_wconf 89' lang='lat' dir='ltr'><em>condicionis</em></span> <span class='ocrx_word' id='word_1_508' title='bbox 335 3787 410 3835; x_wconf 77' lang='lat' dir='ltr'><em>tuae</em></span> <span class='ocrx_word' id='word_1_509' title='bbox 422 3783 544 3836; x_wconf 84' lang='lat' dir='ltr'><em>defecta</em></span> <span class='ocrx_word' id='word_1_510' title='bbox 562 3780 697 3835; x_wconf 90' lang='lat' dir='ltr'><em>destituta</em></span> <span class='ocrx_word' id='word_1_511' title='bbox 715 3785 808 3836; x_wconf 78' lang='lat' dir='ltr'><em>solito</em></span> <span class='ocrx_word' id='word_1_512' title='bbox 826 3784 935 3835; x_wconf 82' lang='lat' dir='ltr'><em>fauore</em></span> <span class='ocrx_word' id='word_1_513' title='bbox 952 3778 1151 3835; x_wconf 82' lang='lat' dir='ltr'><em>beneuolentia</em></span> <span class='ocrx_word' id='word_1_514' title='bbox 1172 3798 1255 3851; x_wconf 90' lang='lat' dir='ltr'><em>quae</em></span> <span class='ocrx_word' id='word_1_515' title='bbox 1278 3786 1310 3841; x_wconf 92' lang='lat' dir='ltr'><em>in</em></span> 
     </span>
     <span class='ocr_line' id='line_1_49' title="bbox 141 3849 1311 3926; baseline -0.001 -20"><span class='ocrx_word' id='word_1_516' title='bbox 141 3852 260 3907; x_wconf 89' lang='lat' dir='ltr'><em>miseros</em></span> <span class='ocrx_word' id='word_1_517' title='bbox 274 3852 392 3906; x_wconf 86' lang='lat' dir='ltr'><em>conferri</em></span> <span class='ocrx_word' id='word_1_518' title='bbox 404 3852 484 3919; x_wconf 86' lang='lat' dir='ltr'><em>solet,</em></span> <span class='ocrx_word' id='word_1_519' title='bbox 494 3856 579 3916; x_wconf 87' lang='lat' dir='ltr'><em>quod</em></span> <span class='ocrx_word' id='word_1_520' title='bbox 591 3859 759 3907; x_wconf 78' lang='lat' dir='ltr'><em>astrorum</em></span> <span class='ocrx_word' id='word_1_521' title='bbox 772 3852 801 3906; x_wconf 93' lang='lat' dir='ltr'><em>id</em></span> <span class='ocrx_word' id='word_1_522' title='bbox 811 3851 887 3922; x_wconf 92' lang='lat' dir='ltr'><em>quod</em></span> <span class='ocrx_word' id='word_1_523' title='bbox 899 3868 963 3905; x_wconf 92' lang='lat' dir='ltr'><em>raro</em></span> <span class='ocrx_word' id='word_1_524' title='bbox 976 3849 1078 3918; x_wconf 86' lang='lat' dir='ltr'><em>euenit,</em></span> <span class='ocrx_word' id='word_1_525' title='bbox 1089 3866 1155 3902; x_wconf 90' lang='lat' dir='ltr'><em>cum</em></span> <span class='ocrx_word' id='word_1_526' title='bbox 1166 3853 1311 3926; x_wconf 75' lang='lat' dir='ltr'><em>plerique</em></span> 
     </span>
     <span class='ocr_line' id='line_1_50' title="bbox 141 3920 1310 3992; baseline 0.003 -15"><span class='ocrx_word' id='word_1_527' title='bbox 141 3923 252 3977; x_wconf 87' lang='lat' dir='ltr'><em>miseris</em></span> <span class='ocrx_word' id='word_1_528' title='bbox 271 3923 392 3978; x_wconf 84' lang='lat' dir='ltr'><em>faueant.</em></span> <span class='ocrx_word' id='word_1_529' title='bbox 431 3922 518 3992; x_wconf 89' lang='lat' dir='ltr'><em>‘May</em></span> <span class='ocrx_word' id='word_1_530' title='bbox 531 3924 579 3977; x_wconf 93' lang='lat' dir='ltr'><em>the</em></span> <span class='ocrx_word' id='word_1_531' title='bbox 592 3924 668 3977; x_wconf 91' lang='lat' dir='ltr'><em>cruel</em></span> <span class='ocrx_word' id='word_1_532' title='bbox 687 3933 784 3992; x_wconf 86' lang='lat' dir='ltr'><em>aspect</em></span> <span class='ocrx_word' id='word_1_533' title='bbox 803 3923 836 3976; x_wconf 90' lang='lat' dir='ltr'><em>of</em></span> <span class='ocrx_word' id='word_1_534' title='bbox 850 3923 900 3991; x_wconf 82' lang='lat' dir='ltr'><em>thy</em></span> <span class='ocrx_word' id='word_1_535' title='bbox 916 3922 1027 3976; x_wconf 82' lang='lat' dir='ltr'><em>fortune</em></span> <span class='ocrx_word' id='word_1_536' title='bbox 1043 3920 1115 3987; x_wconf 88' lang='lat' dir='ltr'><em>lack,</em></span> <span class='ocrx_word' id='word_1_537' title='bbox 1129 3937 1162 3974; x_wconf 91' lang='lat' dir='ltr'><em>as</em></span> <span class='ocrx_word' id='word_1_538' title='bbox 1184 3925 1310 3981; x_wconf 92' lang='lat' dir='ltr'><em>seldom</em></span> 
     </span>
     <span class='ocr_line' id='line_1_51' title="bbox 141 3992 1309 4065; baseline 0.003 -15"><span class='ocrx_word' id='word_1_539' title='bbox 141 3996 277 4065; x_wconf 88' lang='lat' dir='ltr'><em>happens,</em></span> <span class='ocrx_word' id='word_1_540' title='bbox 291 3996 339 4048; x_wconf 91' lang='lat' dir='ltr'><em>the</em></span> <span class='ocrx_word' id='word_1_541' title='bbox 352 3994 503 4063; x_wconf 91' lang='lat' dir='ltr'><em>sympathy</em></span> <span class='ocrx_word' id='word_1_542' title='bbox 516 3993 669 4063; x_wconf 90' lang='lat' dir='ltr'><em>ordinarily</em></span> <span class='ocrx_word' id='word_1_543' title='bbox 680 3994 800 4064; x_wconf 91' lang='lat' dir='ltr'><em>granted</em></span> <span class='ocrx_word' id='word_1_544' title='bbox 813 4005 842 4048; x_wconf 92' lang='lat' dir='ltr'><em>to</em></span> <span class='ocrx_word' id='word_1_545' title='bbox 856 3994 904 4048; x_wconf 89' lang='lat' dir='ltr'><em>the</em></span> <span class='ocrx_word' id='word_1_546' title='bbox 921 3992 1086 4046; x_wconf 88' lang='lat' dir='ltr'><em>miserable.’</em></span> <span class='ocrx_word' id='word_1_547' title='bbox 1124 3992 1193 4059; x_wconf 81' lang='lat' dir='ltr'><em>Qua</em></span> <span class='ocrx_word' id='word_1_548' title='bbox 1211 3995 1309 4065; x_wconf 89' lang='lat' dir='ltr'><em>signi·</em></span> 
     </span>
     <span class='ocr_line' id='line_1_52' title="bbox 94 4063 1312 4143; baseline 0 -24"><span class='ocrx_word' id='word_1_549' title='bbox 94 4086 98 4091; x_wconf 75' lang='grc'><em>’</em></span> <span class='ocrx_word' id='word_1_550' title='bbox 140 4066 272 4121; x_wconf 90' lang='lat' dir='ltr'><em>ficatione</em></span> <span class='ocrx_word' id='word_1_551' title='bbox 292 4065 360 4119; x_wconf 87' lang='lat' dir='ltr'><em>dixit</em></span> <span class='ocrx_word' id='word_1_552' title='bbox 380 4064 569 4133; x_wconf 84' lang='lat' dir='ltr'><em>Quintilianus</em></span> <span class='ocrx_word' id='word_1_553' title='bbox 591 4067 660 4119; x_wconf 89' lang='lat' dir='ltr'><em>Inst.</em></span> <span class='ocrx_word' id='word_1_554' title='bbox 676 4067 724 4118; x_wconf 92' lang='lat' dir='ltr'><em>Or.</em></span> <span class='ocrx_word' id='word_1_555' title='bbox 743 4064 777 4118; x_wconf 92' lang='lat' dir='ltr'><em>iv.</em></span> <span class='ocrx_word' id='word_1_556' title='bbox 796 4080 817 4119; x_wconf 93' lang='lat'><em>1.</em></span> <span class='ocrx_word' id='word_1_557' title='bbox 833 4080 850 4133; x_wconf 92' lang='lat'>9</span> <span class='ocrx_word' id='word_1_558' title='bbox 868 4065 925 4117; x_wconf 86' lang='lat' dir='ltr'><em>Est</em></span> <span class='ocrx_word' id='word_1_559' title='bbox 945 4065 1019 4117; x_wconf 92' lang='lat' dir='ltr'><em>enim</em></span> <span class='ocrx_word' id='word_1_560' title='bbox 1040 4063 1190 4143; x_wconf 76' lang='lat' dir='ltr'><em>naturalis</em></span> <span class='ocrx_word' id='word_1_561' title='bbox 1202 4065 1312 4135; x_wconf 89' lang='lat' dir='ltr'><em>fauor</em></span> 
     </span>
     <span class='ocr_line' id='line_1_53' title="bbox 136 4135 1308 4208; baseline 0.005 -18"><span class='ocrx_word' id='word_1_562' title='bbox 136 4141 193 4208; x_wconf 82' lang='lat' dir='ltr'><em>pro</em></span> <span class='ocrx_word' id='word_1_563' title='bbox 205 4137 405 4203; x_wconf 85' lang='lat' dir='ltr'><em>laborantibus,</em></span> <span class='ocrx_word' id='word_1_564' title='bbox 418 4153 503 4205; x_wconf 93' lang='lat' dir='ltr'><em>quem</em></span> <span class='ocrx_word' id='word_1_565' title='bbox 521 4137 615 4189; x_wconf 92' lang='lat' dir='ltr'><em>locum</em></span> <span class='ocrx_word' id='word_1_566' title='bbox 634 4135 725 4190; x_wconf 86' lang='lat' dir='ltr'><em>attulit</em></span> <span class='ocrx_word' id='word_1_567' title='bbox 740 4135 926 4204; x_wconf 87' lang='lat' dir='ltr'><em>Saluagnius:</em></span> <span class='ocrx_word' id='word_1_568' title='bbox 949 4138 1042 4189; x_wconf 82' lang='lat' dir='ltr'><em>solito</em></span> <span class='ocrx_word' id='word_1_569' title='bbox 1057 4142 1161 4187; x_wconf 87' lang='lat' dir='ltr'><em>tueans</em></span> <span class='ocrx_word' id='word_1_570' title='bbox 1176 4152 1215 4189; x_wconf 86' lang='lat' dir='ltr'><em>ex</em></span> <span class='ocrx_word' id='word_1_571' title='bbox 1229 4138 1308 4196; x_wconf 91' lang='lat' dir='ltr'><em>Tac.</em></span> 
     </span>
     <span class='ocr_line' id='line_1_54' title="bbox 139 4203 1308 4277; baseline 0.003 -15"><span class='ocrx_word' id='word_1_572' title='bbox 139 4210 212 4263; x_wconf 86' lang='lat' dir='ltr'><em>Ann.</em></span> <span class='ocrx_word' id='word_1_573' title='bbox 227 4208 264 4263; x_wconf 93' lang='lat' dir='ltr'><em>iii.</em></span> <span class='ocrx_word' id='word_1_574' title='bbox 280 4221 293 4277; x_wconf 91' lang='grc'>5</span> <span class='ocrx_word' id='word_1_575' title='bbox 313 4225 347 4262; x_wconf 89' lang='lat' dir='ltr'><em>ne</em></span> <span class='ocrx_word' id='word_1_576' title='bbox 358 4209 455 4261; x_wconf 91' lang='lat' dir='ltr'><em>solitos</em></span> <span class='ocrx_word' id='word_1_577' title='bbox 466 4208 577 4276; x_wconf 88' lang='lat' dir='ltr'><em>quidem</em></span> <span class='ocrx_word' id='word_1_578' title='bbox 590 4206 726 4260; x_wconf 78' lang='lat' dir='ltr'><em>honores:</em></span> <span class='ocrx_word' id='word_1_579' title='bbox 743 4209 864 4261; x_wconf 80' lang='lat' dir='ltr'><em>defecta</em></span> <span class='ocrx_word' id='word_1_580' title='bbox 877 4223 962 4276; x_wconf 91' lang='lat' dir='ltr'><em>quam</em></span> <span class='ocrx_word' id='word_1_581' title='bbox 976 4222 1063 4274; x_wconf 89' lang='lat' dir='ltr'><em>prope</em></span> <span class='ocrx_word' id='word_1_582' title='bbox 1075 4203 1104 4256; x_wconf 93' lang='lat' dir='ltr'><em>in</em></span> <span class='ocrx_word' id='word_1_583' title='bbox 1117 4203 1308 4266; x_wconf 89' lang='lat' dir='ltr'><em>adiectiuum</em></span> 
     </span>
     <span class='ocr_line' id='line_1_55' title="bbox 139 4275 1307 4348; baseline 0.002 -15"><span class='ocrx_word' id='word_1_584' title='bbox 139 4279 404 4348; x_wconf 90' lang='lat' dir='ltr'><em>transierit,.docent</em></span> <span class='ocrx_word' id='word_1_585' title='bbox 424 4277 633 4346; x_wconf 89' lang='lat' dir='ltr'><em>comparatiuus</em></span> <span class='ocrx_word' id='word_1_586' title='bbox 647 4277 786 4348; x_wconf 83' lang='lat' dir='ltr'><em>defectior,</em></span> <span class='ocrx_word' id='word_1_587' title='bbox 802 4276 989 4347; x_wconf 91' lang='lat' dir='ltr'><em>superlatiuus</em></span> <span class='ocrx_word' id='word_1_588' title='bbox 1006 4275 1233 4344; x_wconf 75' lang='lat' dir='ltr'><em>dejectissimus:</em></span> <span class='ocrx_word' id='word_1_589' title='bbox 1256 4283 1307 4335; x_wconf 89' lang='lat' dir='ltr'><em>in-</em></span> 
     </span>
     <span class='ocr_line' id='line_1_56' title="bbox 139 4345 1308 4420; baseline 0.004 -17"><span class='ocrx_word' id='word_1_590' title='bbox 139 4351 251 4403; x_wconf 87' lang='lat' dir='ltr'><em>uidiosa</em></span> <span class='ocrx_word' id='word_1_591' title='bbox 273 4349 385 4420; x_wconf 90' lang='lat' dir='ltr'><em>saepius</em></span> <span class='ocrx_word' id='word_1_592' title='bbox 409 4348 512 4402; x_wconf 91' lang='lat' dir='ltr'><em>Ouidio</em></span> <span class='ocrx_word' id='word_1_593' title='bbox 535 4357 599 4402; x_wconf 91' lang='lat' dir='ltr'><em>sunt</em></span> <span class='ocrx_word' id='word_1_594' title='bbox 624 4365 696 4418; x_wconf 88' lang='lat' dir='ltr'><em>quae</em></span> <span class='ocrx_word' id='word_1_595' title='bbox 721 4357 836 4418; x_wconf 88' lang='lat' dir='ltr'><em>propter</em></span> <span class='ocrx_word' id='word_1_596' title='bbox 859 4347 1003 4402; x_wconf 86' lang='lat' dir='ltr'><em>miseriam</em></span> <span class='ocrx_word' id='word_1_597' title='bbox 1027 4346 1072 4400; x_wconf 92' lang='lat' dir='ltr'><em>uel</em></span> <span class='ocrx_word' id='word_1_598' title='bbox 1094 4345 1308 4408; x_wconf 90' lang='lat' dir='ltr'><em>crudelitatem</em></span> 
     </span>
     <span class='ocr_line' id='line_1_57' title="bbox 140 4418 1310 4487; baseline 0.006 -15"><span class='ocrx_word' id='word_1_599' title='bbox 140 4419 276 4475; x_wconf 91' lang='lat' dir='ltr'><em>inuidiam</em></span> <span class='ocrx_word' id='word_1_600' title='bbox 289 4430 403 4474; x_wconf 92' lang='lat' dir='ltr'><em>mouent</em></span> <span class='ocrx_word' id='word_1_601' title='bbox 418 4418 446 4471; x_wconf 92' lang='lat' dir='ltr'><em>in</em></span> <span class='ocrx_word' id='word_1_602' title='bbox 459 4428 597 4474; x_wconf 75' lang='lat' dir='ltr'><em>auctores</em></span> <span class='ocrx_word' id='word_1_603' title='bbox 636 4421 676 4474; x_wconf 93' lang='lat' dir='ltr'><em>M.</em></span> <span class='ocrx_word' id='word_1_604' title='bbox 685 4418 741 4474; x_wconf 92' lang='lat' dir='ltr'><em>viii.</em></span> <span class='ocrx_word' id='word_1_605' title='bbox 755 4434 804 4486; x_wconf 88' lang='lat'><em>144</em></span> <span class='ocrx_word' id='word_1_606' title='bbox 819 4419 855 4474; x_wconf 91' lang='lat' dir='ltr'><em>de</em></span> <span class='ocrx_word' id='word_1_607' title='bbox 870 4419 964 4487; x_wconf 89' lang='lat' dir='ltr'><em>Scylla</em></span> <span class='ocrx_word' id='word_1_608' title='bbox 978 4418 1186 4485; x_wconf 87' lang='lat' dir='ltr'><em>Gnosiacaeque</em></span> <span class='ocrx_word' id='word_1_609' title='bbox 1197 4419 1310 4479; x_wconf 79' lang='lat' dir='ltr'><em>haeret</em></span> 
     </span>
     <span class='ocr_line' id='line_1_58' title="bbox 138 4487 1307 4559; baseline -0.006 -14"><span class='ocrx_word' id='word_1_610' title='bbox 138 4508 225 4545; x_wconf 88' lang='lat' dir='ltr'><em>comes</em></span> <span class='ocrx_word' id='word_1_611' title='bbox 237 4492 380 4546; x_wconf 89' lang='lat' dir='ltr'><em>inuidiosa</em></span> <span class='ocrx_word' id='word_1_612' title='bbox 392 4492 513 4559; x_wconf 86' lang='lat' dir='ltr'><em>carinae,</em></span> <span class='ocrx_word' id='word_1_613' title='bbox 532 4489 588 4546; x_wconf 90' lang='lat' dir='ltr'><em>xiii.</em></span> <span class='ocrx_word' id='word_1_614' title='bbox 601 4504 654 4557; x_wconf 89' lang='lat'><em>414</em></span> <span class='ocrx_word' id='word_1_615' title='bbox 673 4490 860 4547; x_wconf 87' lang='lat' dir='ltr'><em>Dardanidas</em></span> <span class='ocrx_word' id='word_1_616' title='bbox 872 4495 994 4544; x_wconf 88' lang='lat' dir='ltr'><em>matres.</em></span> <span class='ocrx_word' id='word_1_617' title='bbox 1009 4531 1015 4544; x_wconf 92' lang='lat'><strong>.</strong></span> <span class='ocrx_word' id='word_1_618' title='bbox 1029 4530 1035 4543; x_wconf 90' lang='lat'><strong>.</strong></span> <span class='ocrx_word' id='word_1_619' title='bbox 1051 4531 1056 4542; x_wconf 95' lang='lat'><strong>.</strong></span> <span class='ocrx_word' id='word_1_620' title='bbox 1069 4487 1225 4545; x_wconf 83' lang='lat' dir='ltr'><em>lnm&#39;diosa</em></span> <span class='ocrx_word' id='word_1_621' title='bbox 1238 4498 1307 4549; x_wconf 86' lang='lat' dir='ltr'><em>tra.</em></span> 
     </span>
    </p>
   </div>
   <div class='ocr_carea' id='block_1_5' title="bbox 0 0 1524 4988">
    <p class='ocr_par' dir='ltr' id='par_1_5' title="bbox 0 0 1524 4988">
     <span class='ocr_line' id='line_1_59' title="bbox 0 0 1524 4988; baseline 0 0"><span class='ocrx_word' id='word_1_622' title='bbox 0 0 1524 4988; x_wconf 95' lang='lat' dir='ltr'><em> </em></span> 
     </span>
    </p>
   </div>
  </div>
 </body>
</html>
