3038 4988
551 387 900 450 COMMENTARIVS.
1205 394 1260 450 141

111 544 203 600 Tzetz.
218 544 290 599 Chii.
302 564 328 600 v.
342 544 402 613 726,
417 545 584 614 Harpocrat.
599 561 621 601 s.
629 563 656 600 u.
669 547 804 616 Φαρμακός
817 564 823 600 :
842 545 928 616 idque
940 545 1075 601 usitatum
1088 544 1173 600 fuisse
1187 546 1263 616 apud

114 616 200 670 Ionas
213 616 300 686 liquet
313 633 347 690 ex
361 615 550 686 Hipponactis
562 616 661 684 fragm.
671 631 731 685 4-9,
744 617 863 671 fortasse
877 617 962 671 etiam
976 618 1017 686 85,
1032 617 1103 671 sicut
1116 617 1152 671 de
1167 619 1263 671 Mace-

113 685 235 740 donibus
256 687 332 741 idem
354 687 493 755 significat
514 688 590 741 Curt.
608 687 664 741 viii.
683 700 708 754 7.
728 689 770 742 28.
804 688 946 758 Equidem
965 688 1092 757 suspicor
1109 687 1195 742 fuisse
1215 687 1263 758 qui

114 755 239 811 dicerent
270 757 465 811 Democritum
489 757 703 826 Abdedtanum,
728 757 837 812 ciuibus
862 758 920 817 suis
944 769 1025 828 peste
1049 759 1184 828 correptis
1209 759 1264 812 hoc

113 828 200 881 modo
212 827 380 897 opitulatum
392 826 457 882 isse.
495 829 570 881 Nam
590 828 756 897 Apollonius
775 831 908 897 Tyaneus
927 846 991 883 cum
1004 829 1145 898 Ephesios
1164 830 1264 882 morbo

114 897 162 951 diu
182 899 343 953 laborantes
360 898 401 953 sic
421 908 549 952 sanasset
569 909 599 952 ut
618 915 716 953 senem
735 917 856 969 egenum
874 899 904 953 in
925 901 1036 954 theatro
1055 909 1200 970 tamquam
1220 899 1264 953 dis

115 967 237 1022 inuisum
261 969 370 1024 iuberet
394 968 559 1037 interficere,
583 968 630 1022 hic
659 980 754 1023 autem
783 970 835 1024 sub
864 980 961 1024 monte
985 970 1110 1040 quodam
1137 969 1265 1039 lapidum

115 1039 231 1093 obrutus
244 1039 273 1092 in
286 1039 364 1094 canis
379 1039 498 1093 Molossi
511 1050 651 1093 mortuam
669 1041 793 1110 speciem
810 1040 923 1108 abisset,
937 1051 1086 1095 accusatus
1098 1040 1265 1111 Apollonius

115 1110 192 1178 apud
211 1110 412 1165 Philostratum
430 1111 501 1164 haec
519 1110 588 1165 dicit
607 1111 621 1176 η
636 1125 688 1178 339
705 1111 748 1166 ed.
769 1113 879 1180 Kayser
896 1111 940 1166 Τίς
958 1111 982 1164 δ’
1000 1111 1031 1164 ἂν
1050 1113 1135 1180 σοφὸς
1153 1112 1267 1166 ἐκλιπεῖν

17 1226 25 1233 ,
115 1202 160 1234 σοι
179 1181 249 1234 δοκεῖ
266 1183 311 1235 τόν
328 1181 393 1250 ῦπέρ
410 1183 511 1235 πόλεως
528 1180 645 1249 τοιαύτης
665 1183 760 1249 ἀγῶνα,
780 1182 928 1250 ἐνθυμηθεὶς
948 1181 995 1249 μέν
1012 1185 1172 1252 Δημόκριτον
1193 1181 1267 1234 ε’λευ·

116 1251 265 1336 θερόισαντα
285 1253 378 1320 λοιμοῦ
398 1273 462 1306 ποτε
481 1250 645 1320 Ἀβδηρίτας,
666 1251 789 1320 ἐννοήσας
810 1252 838 1304 δὲ
859 1253 995 1323 Σοφοκλέα
1012 1255 1058 1307 τὸν
1076 1253 1220 1321 Ἀθηναῖον,
1239 1251 1268 1307 ὃς

116 1322 219 1390 λεγεται
238 1323 278 1375 καὶ
296 1321 404 1390 ἀνέμους
421 1321 512 1388 θελξαι
529 1323 575 1390 της
593 1324 660 1391 ὥρας
677 1321 908 1393 ῦπερπνεῦσαντας,
926 1323 1040 1391 ἀκηκοὼς
1056 1325 1084 1377 δέ
1096 1325 1128 1377 τὰ
1139 1323 1267 1392 Ἐμπεδο-

117 1389 214 1461 κλέους,
233 1390 261 1448 ὃς
279 1390 390 1462 νεφέλης
406 1392 501 1460 ἅνεσχε
519 1394 606 1458 φορὰν
623 1391 664 1447 ἐπ’
682 1393 893 1464 Ἀκραγαντίνους
909 1393 1045 1463 cinysium}
1073 1394 1120 1448 ubi
1139 1411 1211 1465 quae
1231 1394 1268 1448 de

117 1462 284 1517 Democrito
303 1464 445 1532 Sophocle
463 1464 638 1533 Empedocle
656 1465 787 1533 leguntur
805 1464 872 1518 alibi
890 1482 948 1519 non
967 1465 1181 1519 commemorari
1201 1482 1267 1518 con·

117 1533 210 1588 firmat
230 1535 383 1603 Kayserus.
498 1536 570 1588 468.
589 1538 742 1600 grandine
759 1539 860 1599 plura..
905 1538 987 1589 Pont.
1000 1535 1034 1590 iv.
1048 1549 1072 1602 7.
1087 1550 1121 1602 34
1134 1537 1269 1604 Saxaque

117 1605 243 1658 brumali
254 1606 399 1674 grandine
411 1604 503 1676 plura
520 1605 603 1659 subis.
643 1607 708 1658 Nux
730 1620 778 1673 132
798 1607 879 1659 Sana
897 1623 984 1660 nanas
992 1608 1111 1677 fructus
1124 1607 1269 1676 grandine

112 1675 204 1745 plara
212 1678 323 1745 petunt.
344 1677 383 1730 M.
392 1694 418 1730 v.
431 1677 478 1744 158
491 1676 548 1729 tela
560 1676 661 1730 nolant
671 1676 787 1730 hiberna
795 1678 939 1746 grandzne
947 1678 1043 1746 plura.
1097 1680 1167 1733 410.
1180 1683 1269 1731 setus

117 1743 288 1810 Hippoir'oo
309 1748 458 1816 Capaneus
476 1747 628 1817 Hipponoi
637 1748 723 1817 ‘filius
742 1749 816 1817 Hyg.
838 1760 880 1814 70.
923 1747 960 1801 id.
975 1748 1010 1802 68
1029 1748 1177 1817 Capaneus
1194 1747 1272 1816 qnod

13 1846 16 1856 =
117 1823 216 1871 contra
222 1819 302 1871 Ionis
309 1819 484 1871 uoluntatem
497 1817 601 1871 Thebas
607 1835 635 1871 se
642 1821 793 1886 capturum
802 1819 904 1872 diceret
910 1836 973 1872 cum
983 1835 1097 1872 murum
1105 1819 1270 1884 ascenderet,

108 1889 238 1956 fulmine
255 1893 296 1942 est
308 1891 466 1958 percussus.
505 1889 583 1958 Sept.
602 1899 701 1943 contra
717 1889 806 1943 Theb.
820 1903 881 1957 444,
894 1889 990 1958 Antig.
1008 1902 1064 1958 135,
1079 1890 1183 1943 Phoen.
1202 1890 1269 1943 1180

111 1959 184 2024 Ἤδη
198 1958 222 2010 δ’
235 1959 420 2027 ὑπερβαίνοντα
431 1961 510 2029 γεῖσα
521 1956 626 2029 τειχέων
639 1961 734 2012 Βάλλει
747 1962 858 2030 κεραυνῷ
871 1958 932 2014 Ζεῦς
944 1982 991 2014 νιν.
1052 1963 1269 2024 Dexionesque

118 2036 209 2095 pater
227 2029 422 2098 Aesculapius.
459 2030 554 2099 Etym.
572 2032 613 2084 M.
629 2044 691 2097 434.
707 2043 737 2099 15
752 2027 860 2084 'Hirrus'
880 2027 960 2085 οὕτως
976 2032 1102 2100 πρότερον
1119 2031 1236 2083 ἐκαλεῖτο
1255 2032 1270 2082 ὁ

119 2101 287 2167 Ἀσκληπιός·
324 2097 345 2170 ᾦ
370 2101 410 2152 καὶ
437 2103 543 2170 γυναῖκα
571 2101 748 2171 παραδίδωσιν
773 2100 1006 2170 (Ρποραδιδόασιν)
1029 2101 1162 2168 Ἠπιόνην,
1187 2101 1217 2169 ἐξ
1241 2098 1271 2169 ἧς

119 2171 189 2240 αῦτῲ
209 2169 329 2240 γενέσθω
348 2168 461 2236 Ἰάσονα,
483 2170 635 2237 Πανάκειαν,
654 2172 798 2237 Δεκτιόνην·
825 2170 899 2239 (libri
919 2172 1030 2237 Δεκτίων
1050 2170 1092 2240 ε’ν)
1111 2169 1270 2239 ὑπομνήματι
1295 2222 1298 2226 s

120 2243 294 2311 Λυκόφρονος.
333 2243 410 2295 Nam
429 2241 589 2295 Dectionen
611 2241 671 2296 siue
691 2241 840 2297 Dexionen
861 2260 966 2297 nomen
988 2242 1087 2297 tertiae
1108 2241 1270 2312 Aesculapii

120 2312 194 2367 filiae
216 2329 279 2366 esse
302 2321 379 2366 recte
404 2311 538 2366 intellexit
562 2311 665 2366 Kinkel
689 2314 811 2382 Lycoph
835 2329 862 2383 p.
883 2312 929 2367 iv:
957 2313 1001 2368 cui
1026 2313 1066 2367 rei
1091 2312 1178 2368 etiam
1202 2313 1271 2367 illud

120 2381 267 2452 suffragari
289 2382 383 2436 iudico
401 2382 478 2452 quod
501 2383 665 2452 Sophocles,
687 2393 760 2438 teste
782 2384 883 2438 eodem
902 2385 1073 2454 Etymologo
1089 2384 1149 2452 256.
1162 2384 1187 2450 6,
1206 2401 1272 2438 cum

120 2452 322 2522 Aesculapium
340 2452 463 2523 hospitio
482 2453 647 2523 excepisset,
666 2464 731 2522 post
749 2465 870 2509 mortem
889 2453 962 2526 ἡρῴῳ
982 2455 1034 2509 sub
1047 2455 1161 2508 nomine
1176 2454 1272 2508 Dexi·

121 2524 195 2578 onis
219 2524 372 2592 colebatur,
397 2524 478 2593 quasi
503 2524 575 2578 filius
600 2542 633 2579 ac
660 2524 803 2579 Dexiones
827 2525 920 2581 frater.
959 2525 1063 2579 Merito
1088 2536 1183 2580 autem
1207 2541 1272 2579 cum

123 2597 257 2665 Capaneo
271 2594 449 2663 coniungitur
460 2594 654 2663 Aesculapius,
668 2612 735 2649 nam
748 2596 948 2677 Aesculapium
967 2595 1125 2650 fulminauit
1147 2595 1274 2666 Iuppiter

34 2677 44 2682 “
122 2666 199 2736 quod
217 2665 246 2719 in
264 2665 354 2720 uitam
374 2667 538 2734 Capaneum
557 2675 585 2720 et
606 2668 764 2735 Lycurgum
782 2667 947 2735 reduxisset,
963 2667 1003 2721 uti
1018 2667 1172 2722 tradiderat
1186 2665 1273 2721 Stesi-

122 2738 225 2791 chorus
243 2753 287 2805 ap.
307 2736 439 2804 Apollod.
452 2735 489 2790 iii.
507 2751 547 2791 10.
560 2751 585 2804 3,
605 2736 763 2790 Philodem.
781 2739 840 2806 περὶ
859 2738 1002 2798 Εὐαεβείας
1019 2755 1046 2806 p.
1062 2751 1102 2806 52,
1123 2739 1273 2806 Gompertz

125 2806 231 2876 (Bergk
249 2807 287 2861 ad
306 2805 427 2861 Stesich.
439 2806 471 2860 fr.
489 2805 542 2893 ιδ).
581 2807 699 2861 Hesiod.
717 2808 748 2861 fr.
766 2822 811 2860 101
829 2809 1029 2863 Markscheffel
1041 2809 1125 2879 πατὴρ
1141 2805 1164 2861 δ’
1176 2808 1275 2873 ἀνδρῶν

122 2889 151 2932 τε
168 2878 233 2931 θεῶν
244 2899 272 2931 τε
284 2873 388 2930 Χώσατ’
399 2874 442 2930 ἀπ’
456 2877 596 2943 Οὔλυμπον
612 2877 641 2929 δὲ
658 2877 748 2938 βαλὼν
758 2879 886 2947 ψολόεντι
901 2879 1011 2951 κεραυνῷ
1017 2876 1128 2932 ‘Errare
1140 2879 1275 2947 Λητοίδην.

125 2947 164 3017 (2)
183 2949 350 3017 Anonymus
369 2947 398 3000 in
410 2947 621 3002 Westermanni
636 2947 853 3018 Mythographis
873 2966 900 3018 p.
913 2963 966 3017 374
978 2950 1049 3004 haec
1067 2950 1154 3004 habet
1173 2951 1276 3019 Φόρβας
1350 3010 1357 3021 ‚

124 3019 282 3078 θέσποωτος
295 3018 428 3087 Δημητρὸς
440 3017 559 3084 ἐρασθεὶς
571 3019 611 3072 καὶ
624 3020 774 3084 βιαζόμενος
785 3019 831 3086 τὴν
842 3020 901 3073 θεὸν
912 3021 970 3074 ῦπδ
985 3021 1057 3075 Διὸς
1074 3020 1275 3089 ἐκεραυνώθη.

123 3091 162 3145 At
174 3089 317 3143 Achelous
334 3098 452 3142 uocatus
469 3098 512 3143 est
527 3088 551 3143 is
570 3089 662 3143 amnis
676 3089 722 3159 qui
736 3099 802 3144 ante
817 3090 943 3144 Phorbas
956 3089 1007 3144 fuit
1022 3089 1191 3160 (Cephalion
1203 3091 1236 3144 fr.
1250 3091 1275 3159 8,

125 3160 246 3214 Mueller
266 3158 339 3214 Hist.
361 3161 462 3214 Graec.
482 3162 593 3229 Fragm.
612 3159 651 3214 iii.
669 3176 696 3230 p.
713 3159 797 3229 631);
818 3169 847 3215 et
867 3162 994 3214 Phorbas
1015 3177 1120 3214 nomen
1142 3161 1275 3215 Aetolum

127 3229 268 3298 (Apollod.
282 3229 299 3284 i.
314 3243 339 3296 7.
352 3241 377 3298 7,
396 3231 495 3300 Steph.
513 3232 544 3285 B.
565 3248 589 3284 s.
599 3248 626 3284 u.
646 3231 809 3300 Δεξαμεναί).
849 3232 911 3285 Iam
927 3230 1046 3285 Acheloi
1064 3230 1137 3284 filiae
1152 3231 1275 3300 Sirenes

125 3318 244 3370 quarum
252 3317 309 3354 una
319 3300 504 3370 Thelxiopeia
513 3300 656 3370 (Eustath.
670 3315 745 3369 1709,
754 3303 844 3356 Tzetz.
852 3301 890 3355 ad
901 3303 966 3370 Lyc.
976 3302 1038 3370 712)
1049 3301 1109 3355 siue
1120 3302 1277 3371 Thelxiope

126 3372 214 3441 (Hyg.
232 3386 253 3440 1,
273 3372 368 3426 Schol.
387 3373 442 3441 Ap.
462 3373 496 3425 R.
509 3371 545 3426 iv.
559 3373 622 3442 892)
641 3371 702 3428 siue
721 3371 843 3442 denique
864 3371 1020 3428 Thelxinoe
1040 3372 1147 3442 (Schol.
1165 3374 1220 3442 Ap.
1240 3374 1276 3426 R.

125 3442 178 3496 l.c.
197 3443 339 3512 Anonym.
359 3442 396 3497 de
414 3442 503 3497 Vlixis
523 3460 608 3498 error.
628 3456 643 3509 7
666 3442 695 3497 in
713 3444 864 3497 Westerm.
888 3444 1017 3512 Mythog.
1039 3460 1067 3513 p.
1087 3455 1138 3511 337
1157 3445 1277 3513 Σειρῆνας

125 3512 289 3579 ὑποληπτέον
307 3514 353 3568 τὰς
371 3514 531 3580 θελξίνους
549 3515 589 3595 καὶ
607 3513 740 3581 ἀπατηλὸς
758 3512 861 3581 ἡδονάς)
882 3513 958 3595 quod
976 3531 1080 3568 nomen
1102 3513 1131 3568 in
1147 3515 1278 3596 flexione

126 3583 621 3725 nn.1.².¹³rr..¹usruu,
646 3586 882 3726 ξὲίῖπᾞίίέλ
906 3586 1036 3710 {lendin
1046 3602 1144 3711 ...²133
1146 3586 1279 3726 Mil}

126 3734 209 3779 natas
232 3742 295 3780 esse
318 3725 425 3795 (Schol.
448 3726 503 3780 Od.
522 3725 568 3780 xii.
587 3741 630 3796 39,
656 3727 787 3780 Eustath.
810 3739 884 3796 1709,
909 3728 1041 3797 Apollod.
1061 3727 1125 3794 i.7.
1147 3727 1199 3797 10),
1224 3749 1278 3781 σει-

126 3797 204 3866 ρῆνας
221 3805 317 3850 autem
336 3795 518 3850 Eustathium
536 3807 649 3852 secutus
670 3807 784 3852 reuocet
802 3797 840 3853 ad
859 3799 959 3867 οειριᾲν
975 3798 1132 3869 ἀστράπτειν
1149 3799 1280 3864 λάρπεινῖ

129 3866 209 3925 Prior
232 3876 329 3921 tamen
354 3867 503 3936 explicatio
527 3868 713 3937 praeferenda
738 3878 788 3922 est.
911 3872 977 3924 411.
1003 3885 1093 3924 soror
1118 3872 1280 3924 Autonoes

128 3937 241 3992 Semele
256 3939 332 4006 Hyg.
349 3950 404 4005 179.
480 3942 532 3992 cui
544 3945 713 3993 matertere.
725 3942 813 3993 Maia
827 3937 922 3993 Iasion
935 3938 1008 3993 filius
1022 3941 1161 4008 Electrae,
1174 3939 1279 3993 sororis

130 4007 234 4062 Maiae.
273 4007 411 4077 (Alciatus
431 4009 543 4078 Parerg.
562 4008 599 4063 vi.
619 4009 674 4078 21.)
711 4009 844 4078 Apollod.
864 4009 901 4064 iii.
924 4024 964 4064 12.
987 4025 997 4062 1
1019 4007 1164 4102 Ἠλέκτρας
1185 4010 1213 4062 δὲ
1233 4012 1279 4077 τῆς

120 4075 268 4133 Ἀτλαντος
287 4079 328 4131 καὶ
347 4080 407 4133 Διός
425 4079 528 4133 Ἰασίων
547 4081 588 4132 καὶ
607 4079 739 4150 Δάρδανος
756 4079 882 4149 ἐγένοντο.
917 4077 1021 4133 ’λασίων
1032 4081 1079 4148 μέν
1095 4101 1148 4146 ουν,
1160 4080 1282 4148 ἐρασθεὶς

129 4148 272 4217 Δημητρδς,
293 4150 334 4202 καὶ
355 4149 442 4224 θέλων
462 4155 629 4220 καταισχῦναι
651 4149 697 4240 την
716 4150 783 4218 θεόν,
804 4154 975 4220 κεραυνοῦται.
1013 4151 1070 4205 Od.
1088 4169 1115 4204 v.
1136 4163 1184 4219 125
1205 4152 1238 4206 ὣς
1256 4148 1280 4204 δ’

128 4216 202 4273 ὁπότ’
220 4216 332 4272 Ἰασίωνι
349 4219 510 4288 εὐπλόκαμος
527 4219 657 4290 Δημήτηρ,
682 4226 715 4273 Ωι
734 4220 805 4292 θυμῷ
824 4218 924 4290 εἴξασα,
942 4222 1004 4289 μίγη
1021 4222 1144 4290 φιλότητι
1163 4223 1203 4274 καλ
1221 4221 1280 4290 εὐνῇ

130 4289 199 4359 Nerui
215 4289 252 4343 ἔνι
268 4291 392 4361 τριπόλῳ·
410 4291 469 4343 οὐδὲ
488 4290 534 4358 δην
551 4289 594 4358 ἦεν
612 4291 727 4346 ἄπυστος
746 4290 816 4357 Ζεὺς,
828 4290 856 4347 ὅς
873 4314 917 4360 μιν
929 4291 1072 4361 κατέπεφνε
1087 4293 1178 4356 βαλὼν
1189 4291 1282 4363 άργητι

129 4359 252 4442 κεραυνφ.
296 4359 415 4430 Dionys.
438 4361 454 4416 i.
480 4362 512 4417 61
529 4359 622 4417 Ἴασος
645 4361 674 4415 έν
694 4362 725 4429 τῇ
749 4360 820 4434 νήσῳ
842 4361 1016 4433 (Σαμοθράκῃ)
1039 4362 1153 4434 κεραυνῷ
1173 4365 1282 4488 πληγεὶς

129 4432 239 4498 τελευτᾳ
251 4429 385 4501 Δήμητρος
397 4433 470 4499 εὐνὴν
481 4432 651 4502 ὀριγνώμενός
663 4433 687 4485 οἶ
699 4434 776 4503 ἔχειν.
798 4433 872 4489 Vide
881 4433 1027 4503 Heynium
1040 4434 1078 4488 ad
1088 4435 1220 4503 Apollod.
1239 4453 1280 4493 .c.

132 4509 161 4559 et
172 4499 452 4574 LobeckiiAglaoph.
464 4518 540 4562 1222.
567 4506 666 4564 Potest
678 4503 765 4563 etiam
777 4505 813 4565 de
825 4507 973 4565 Oenomao
985 4505 1127 4578 explicari,
1139 4506 1240 4564 Martis
1254 4517 1282 4565 et
