3126 4980
218 353 256 409 90
699 348 881 412 SCHOLIA

234 522 328 582 521.
349 507 773 585 thuerepertori.Archi-
855 506 1063 581 Archilochus,
1098 511 1235 572 iambici
1267 515 1401 574 carminis
1492 494 1499 569 {s

218 587 301 649 locus
343 591 477 650 inuentor
519 591 616 662 iambi,
653 600 773 666 propter
814 588 956 661 inuentor,
982 593 1031 649 cui
1056 593 1292 655 maledicentia
1317 599 1401 656 exitio
1492 602 1500 651 ³,

217 672 333 766 linguae
362 691 432 731 suae
460 673 641 748 prauitatem,
664 673 770 731 missus
812 672 873 730 luit.
918 671 983 731 Cod.
1000 672 1184 751 Saluagm'i.

217 763 261 812 est
274 773 304 811 1n
318 755 444 813 exilium
482 753 516 815 C

262 850 329 910 523.
351 835 466 912 thue
495 853 615 912 parum
646 835 773 894 stabili
857 835 993 895 *Meuius
1015 847 1123 913 poeta,
1143 840 1226 916 quia
1250 841 1333 901 male
1353 841 1399 901 de-

222 913 775 993 *QuidampoetasactaAtheniensium
817 919 930 1012 scripsit
950 917 1192 979 Atheniensium
1215 918 1346 1005 [gesta],
1365 927 1400 982 ab

219 998 295 1057 male
318 999 486 1076 descripsit:
511 1017 600 1075 quare
621 1000 659 1057 ab
681 999 723 1057 eis
745 1009 774 1057 et
816 999 857 1058 eis
882 1001 912 1057 in
936 1017 1085 1058 carcerem
1114 1005 1246 1078 positus
1274 1016 1330 1075 est,
1351 1007 1399 1064 ubi

219 1081 282 1145 eius
297 1082 403 1156 scripta
418 1081 552 1139 combust
542 1090 647 1140 tasunt
658 1090 686 1138 et
696 1080 774 1138 idem
815 1098 884 1139 eum
898 1081 975 1140 lame
989 1082 1065 1140 mori
1085 1083 1238 1144 fecerunt
1257 1096 1290 1145 et
1310 1087 1399 1146 libros

219 1160 296 1220 farne
311 1162 402 1238 periit
448 1161 485 1220 G.
816 1164 877 1221 eius
893 1163 1067 1221 deleuerunt
1114 1165 1195 1224 Ask.
1214 1175 1245 1225 et
1261 1167 1297 1227 C.

261 1243 494 1313 Anaxandrides,
509 1262 571 1302 non
585 1242 711 1311 Meuius,
725 1252 757 1301 ut
771 1243 853 1302 multi
868 1244 1034 1303 retulerunt.
1080 1244 1169 1306 hunc
1188 1250 1280 1307 enim
1296 1250 1397 1311 Anax-

221 1325 373 1384 andridem
398 1324 551 1384 Eustacius
578 1325 665 1384 refert
692 1342 783 1400 quom
810 1325 1006 1405 Athenienses
1028 1326 1129 1386 bonas
1160 1329 1256 1405 leges
1287 1332 1397 1392 habere

222 1407 330 1465 diceret
349 1406 401 1466 sed
419 1407 501 1466 malis
518 1406 559 1465 uti
578 1424 630 1465 eos
648 1406 832 1482 praedicaret,
849 1416 1089 1484 enumeraretque
1110 1421 1240 1470 ceteras
1257 1414 1397 1473 nationes

220 1507 297 1565 quae
312 1498 360 1546 aut
381 1489 444 1546 sine
465 1488 530 1582 lege
551 1498 650 1559 essent
669 1499 717 1547 aut
737 1506 798 1546 non
817 1489 847 1546 in
863 1489 1025 1548 condendis
1040 1489 1161 1565 legibus
1179 1502 1310 1553 tantum
1327 1497 1395 1554 salis

220 1570 397 1641 habuissent,
423 1571 486 1628 usui
510 1571 644 1629 uenirent
665 1579 763 1628 tamen
786 1570 898 1640 melius,
924 1570 1073 1630 coniectus
1099 1573 1133 1630 in
1160 1592 1328 1636 carcerem
1353 1588 1395 1637 est

220 1652 374 1728 inediaque
396 1652 541 1710 extinctus
560 1661 589 1710 et
610 1651 671 1710 eius
688 1669 762 1728 opus
779 1652 894 1728 publice
916 1662 1140 1711 concrematum
1160 1666 1223 1714 est
1267 1658 1339 1718 cod.
1357 1661 1393 1734 36

222 1733 326 1792 Seme'n.
341 1735 491 1792 Patauina.

261 1812 456 1955 klmprecatur
471 1824 594 1874 mortem
608 1813 753 1873 Aristonis
768 1824 872 1890 poetae
883 1816 945 1893 qui,
957 1833 1024 1875 curn
1034 1816 1167 1874 carmine
1183 1817 1392 1880 lacessiuisset

220 1896 260 1956 At
283 1915 404 1969 enarum
423 1897 526 1956 laudes
546 1897 696 1955 inmensas
717 1898 837 1972 scriptas
858 1899 896 1955 ab
918 1897 1079 1956 oratoribus
1100 1897 1186 1957 libris
1207 1902 1266 1977 qui
1289 1905 1392 1961 inscri-

211 1980 328 2038 -buntur
343 1979 556 2050 Panathenaici,
571 1977 688 2036 decreto
708 1979 826 2053 publico
841 1979 918 2037 farne
931 1979 1163 2074 perirccoactps
1177 1995 1239 2042 est.
1275 1984 1390 2044 Anaxi·

221 2079 324 2119 menes
343 2071 449 2131 autem,
469 2069 502 2118 ut
522 2069 566 2118 est
587 2059 665 2136 apud
687 2059 869 2132 Pausaniam,
891 2061 995 2119 librum
1017 2060 1134 2119 edidit
1125 2079 1158 2118 rn
1173 2063 1389 2125 Athenienses

221 2141 474 2201 Lacedaemonios
488 2160 523 2201 ac
532 2141 701 2209 Thebanos
715 2143 770 2200 sub
784 2143 905 2201 nomine
919 2141 1118 2218 Theopompi.
1156 2142 1238 2221 Reg.
1259 2151 1341 2205 2061
1346 2144 1368 2229 .]

263 2238 330 2298 525.
373 2222 486 2300 thue
528 2224 621 2299 lyrae
666 2234 772 2282 uates.
855 2222 1206 2300 *Lycosrenustquidam
1218 2239 1316 2302 poeta
1326 2230 1388 2299 fuit,

221 2303 373 2382 *Orpheus
397 2313 526 2382 repertor
550 2305 637 2364 illiciti
665 2306 773 2364 amoris
815 2306 872 2383 qui,
901 2305 971 2364 dum
1006 2305 1190 2366 comoediam
1230 2327 1322 2369 suam
1358 2313 1388 2369 in

219 2406 237 2447 a
265 2388 463 2446 sacerdotibus
492 2387 597 2445 Bacchi
625 2385 774 2445 dexteram
817 2405 907 2446 scena
927 2387 1073 2457 recitabat,
1105 2404 1209 2462 puras,
1234 2392 1255 2449 i.
1280 2393 1387 2464 nudas,
1435 2424 1437 2427 ·

220 2471 323 2528 amisit
355 2479 423 2527 tunc
446 2468 501 2540 ille,
526 2469 629 2528 uidens
654 2486 686 2527 se
710 2486 771 2526 non
813 2486 970 2546 puerorum
995 2477 1024 2527 et
1045 2467 1212 2545 puellarum
1245 2474 1389 2533 cohortes

219 2569 308 2629 posse
323 2551 497 2621 citharizare,
506 2550 585 2608 irruit
600 2550 630 2607 in
642 2568 692 2609 eas
702 2550 773 2607 nihil
814 2551 1051 2626 repraesentabat
1069 2560 1098 2609 et
1112 2552 1278 2628 quendam
1299 2559 1388 2616 nemis

257 2726 317 2772 521.
336 2709 424 2760 Mnus
442 2718 507 2761 recte
526 2709 549 2761 G
568 2702 747 2759 Archilochus
765 2704 919 2759 iamborum
937 2706 1074 2773 inuentor,
1092 2711 1249 2777 postquam
1266 2710 1388 2768 Licam-

219 2779 273 2832 ben
296 2786 423 2845 coegerat
447 2778 482 2832 ad
506 2776 681 2847 suspendium
706 2776 740 2828 ab
765 2777 859 2833 amicis
883 2778 942 2830 eius
965 2783 1125 2856 persecutus
1143 2780 1275 2847 seipsum
1297 2784 1388 2837 inter·

218 2849 303 2904 fecit.⁸

258 2939 318 3005 sag.
337 2922 467 2976 Historiae
469 2919 583 2989 fictitiae
624 2918 734 2972 Meuius
743 2921 809 2973 Ask
845 2925 921 2987 gesta
932 2920 1013 2974 omG
1046 2934 1158 2972 carcere
1171 2922 1286 2988 positus
1299 2923 1389 2981 fuitc

221 3009 292 3046 mort
286 2992 414 3045 sameC
482 2994 566 3044 Paria
576 2992 653 3044 Mure
665 3009 706 3059 qur
702 2990 960 3060 tneptrtdeVergtlu
972 2993 1144 3044 obtrectatore
1183 2994 1214 3045 In
1228 2995 1323 3048 Menio
1336 3001 1388 3051 isto

220 3084 309 3120 aerum
321 3084 407 3118 nomen
420 3064 500 3117 atere
512 3062 591 3128 credo,
602 3065 720 3126 fortasse
733 3063 887 3184 Menippum.
923 3064 968 3115 An
980 3072 1018 3115 est
1031 3061 1151 3113 Melius?
1177 3082 1226 3130 quo
1240 3071 1388 3122 nomineet

220 3137 355 3206 Diagoras
367 3156 398 3188 ex
408 3136 512 3188 Meoet
522 3135 637 3186 Socrates
650 3133 811 3200 tamquamd
828 3154 869 3187 εος
880 3145 932 3186 nott
928 3132 1093 3201 fuerant
1083 3132 1200 3201 (Suidms
1212 3134 1253 3204 ιι.)
1285 3140 1344 3191 Inl
1332 3141 1388 3192 loco

220 3209 395 3261 obscurissimo
406 3225 454 3259 non
472 3206 588 3258 dubitaui
604 3203 675 3256 edere
691 3206 906 3272 interpretationes
919 3203 1045 3257 Italorum
1058 3204 1128 3256 Sacc.
1140 3203 1311 3272 XV‚quaIe5
1324 3223 1388 3263 sunt

219 3280 345 3333 Patavini
357 3279 387 3330 de
400 3276 588 3330 Anaxandrtde
598 3285 623 3328 et
635 3293 696 3342 quae
707 3275 774 3327 hanc
785 3286 913 3329 secuntur
951 3276 1061 3327 Aristot.
1073 3274 1136 3327 Eth.
1150 3243 1211 3327 Nic.
1226 3276 1294 3331 VII.
1308 3297 1353 3332 12
1370 3298 1384 3348 3

213 3345 302 3401 Ἐοικε
321 3347 384 3415 dri‘
371 3369 385 3400 ο
403 3348 513 3416 ἀκρατὴς
530 3343 632 3412 πόλειῆ
645 3346 787 3414 ψηφίζεται
805 3346 851 3411 μὲν
869 3345 1011 3398 dauna⁸
985 3366 1017 3397 τα
1035 3344 1126 3398 δέοντα
1143 3364 1185 3396 και
1204 3347 1344 3413 νόμους’
1328 3373 1387 3420 εχει

221 3417 386 3508 σπουδαίους,
404 3418 497 3487 χρῆται
510 3416 537 3470 δὲ
551 3415 663 3477 οὖδένᾎ
647 3437 736 3484 ωσπερ
749 3413 946 3485 Αναξανδρίδης
963 3413 1119 3485 &exoptes
1122 3422 1147 3466 Η
1160 3417 1239 3470 πόλις
1253 3418 1386 3482 ἐβούλεθ’

220 3484 237 3556 ᾖ
250 3492 333 3556 νόμων
345 3489 418 3541 οὐδέν
430 3488 512 3556 μέλει.
549 3487 597 3539 Sed
609 3487 850 3540 Anaxandrt'dem'
840 3506 867 3540 ιπ
884 3505 1021 3540 carcerem
1019 3489 1157 3539 corriectum
1173 3488 1260 3540 inedia
1269 3495 1387 3558 peciisse

220 3579 268 3612 non
287 3562 394 3628 comperi
414 3579 487 3627 neque
505 3559 575 3627 apud
589 3559 794 3612 Eustrattumm
812 3568 942 3610 comment.
960 3559 1290 3625 adEth.VII.1aneque
1309 3566 1388 3632 apud

220 3630 387 3682 Eustathium
400 3631 437 3682 ad
447 3631 520 3682 Hom
537 3642 613 3712 1a73,
629 3633 705 3695 1834,
719 3648 793 3696 neque
804 3639 864 3681 ante
875 3647 915 3680 me
933 3631 1051 3696 comperit
1063 3628 1111 3680 Sal
1112 3628 1229 3696 uagnius.
1272 3633 1328 3685 Sed
1338 3654 1385 3688 nec

220 3702 344 3754 Henricus
353 3701 524 3765 Chandler,
498 3717 540 3752 ιιιι·
548 3701 574 3752 in
584 3699 751 3753 Aristotelicis
760 3700 883 3752 studiis'
860 3718 882 3752 st
892 3701 964 3788 quis
957 3700 1025 3752 alius
1033 3699 1164 3760 excellens,
1171 3700 1227 3752 tale
1232 3705 1384 3771 quicquam

219 3775 246 3826 in
259 3773 508 3825 Eustratioinuenit.
553 3772 632 3823 Paus.
648 3771 690 3823 Vl.
706 3774 736 3821 18
751 3770 867 3823 Φαίνεται
884 3770 912 3822 δὲ
925 3791 966 3822 και
958 3769 1086 3839 ⁸rirdpad
1097 3766 1265 3860 Ἀναξιμένης
1278 3773 1385 3843 ἐχθρὸν

219 3844 266 3896 οὐκ
284 3843 450 3911 ἀμαθέστατα
467 3840 536 3895 ἀλλὰ
555 3843 595 3893 καὶ
613 3840 843 3910 ε’πιφθονώτατα’
828 3840 993 3908 αμυνάμενος.
1021 3838 1144 3910 ἐπεφύκει
1160 3860 1207 3907 μεν
1225 3840 1309 3898 αυτὸς
1329 3868 1384 3899 σο-

218 3915 317 3984 φιστὴς
329 3936 370 3967 και
361 3914 522 3984 σοφιστῶν
533 3913 629 3981 λόγους
639 3911 809 4001 μιμεῖσθαη·“
796 3933 830 3967 ως
846 3909 875 3964 δέ
887 3931 911 3963 οι
905 3911 1063 3981 ’διαφορὰ’
1050 3933 1076 3966 ες
1088 3911 1271 3978 θεόπομπον’
1255 3919 1383 3985 εγεγόνει

218 3988 263 4041 τὸν
280 3986 508 4055 Δαμασιστράτου,
520 3985 618 4075 γράφει
633 3982 770 4047 βιβλίον’
756 4004 783 4037 ες
794 3981 951 4050 Ἀθηναίους,
964 3982 1035 4035 καὶ’
1021 4003 1064 4037 επι
1055 3981 1326 4048 *naxeoatpwtore‘
1311 3993 1383 4072 ομοῦ

217 4079 259 4111 και
250 4058 403 4125 ⁸Opfim'ots,
414 4055 570 4128 συγγραφὴν
581 4053 734 4124 λοίδορον,“
721 4075 755 4108 ως
765 4051 819 4106 δέ
804 4074 835 4120 ην
847 4053 873 4107 ἐς
881 4054 912 4106 τὸ
921 4050 1149 4122 ἀκριβέστατον
1119 4050 1188 4122 αυτῷ
1196 4058 1382 4124 μεμιμημένα,

217 4128 367 4219 ἐπιγράψας
384 4131 430 4182 τοῦ
448 4129 604 4218 θεοπόμπου
621 4127 652 4179 τὸ
670 4123 749 4194 ὄνομα
767 4145 804 4196 τιρ
791 4124 919 4194 βιβλίῳ
939 4123 1078 4215 διέπεμπεν
1094 4124 1174 4179 eh*
1147 4144 1192 4177 σας
1209 4126 1315 4181 πόλεις
1336 4130 1382 4183 καὶ

217 4200 293 4256 αὐτός
305 4223 332 4255 τε
346 4195 563 4290 συγγεγραφὼς
549 4219 587 4265 ην,
601 4196 642 4248 καὶ
653 4196 683 4250 τὸ
695 4194 772 4264 ἔχθος
783 4195 842 4249 τὸ’
829 4217 856 4250 ες
869 4176 1050 4259 θεόπομπον’
1036 4216 1082 4247 ανα
1093 4197 1181 4249 πᾶσαν
1193 4193 1240 4261 τὴν
1252 4192 1380 4254 Ελλάδα

216 4270 353 4361 ε’πηυξητο.
398 4271 428 4324 ου
451 4270 501 4339 μὴν
522 4268 581 4322 οὐδὲ
600 4267 680 4321 εἶπεῖν
697 4287 736 4322 τις
755 4265 930 4337 αὐτοσχεδίως
950 4261 1129 4334 Αναξιμένους
1138 4266 1315 4354 πρότερός’
1299 4291 1381 4324 εστιν

216 4340 336 4429 εὑρηκώς.
358 4364 390 4396 τα
392 4342 458 4432 ἔπη
481 4340 557 4394 δέ
530 4361 562 4393 τα
581 4337 608 4394 ές
632 4335 856 4406 Ἀλέξανδρον”
825 4359 855 4390 ου
876 4359 920 4405 μοι
943 4338 1027 4390 πιστά
1046 4337 1119 4392 ἐστιν
1138 4332 1308 4405 Ἀναξιμένην
1331 4344 1380 4397 τὸν

216 4431 361 4480 ποιησαυτο
378 4407 450 4465 εἶναι.
521 4408 695 4478 pantheniaci
713 4409 832 4462 carmine
850 4410 914 4478 Reg.

253 4497 314 4548 5²⁵·
332 4489 459 4551 repertor
471 4484 545 4534 Lact
559 4480 644 4534 Narr
659 4480 722 4532 Fab.
735 4481 771 4533 X.
789 4481 948 4547 1puerilem
961 4494 1092 4534 uenerem
1106 4477 1223 4532 instituit
1274 4480 1378 4537 citari·
