3126 4980
484 399 486 405 ⁴
553 354 900 462 couuuu‘mutvs
1247 401 1303 457 109

150 556 234 612 chaos
242 558 400 626 antiquum
421 556 538 611 Fundus
551 556 700 612 locutionis
709 559 794 626 Verg
805 557 858 612 G.
851 575 886 612 tv.
897 569 957 625 347,
968 574 1015 627 qus
1025 573 1085 626 ipse
1095 556 1133 610 ad
1144 555 1303 610 Hesiodum

150 629 418 697 referturTheogon.
424 625 488 681 116
491 629 594 680 Ητοι
563 651 610 697 μεν
617 631 752 698 πρωτιστα
759 630 827 683 Χαοι
836 627 909 698 γένετ
910 627 1136 697 (Constantinus
1143 627 1302 691 Fanensis)

151 703 220 754 dini
231 705 414 762 ueteresque
426 702 564 763 nouique
577 700 654 753 Seru.
670 698 707 752 ad
721 698 778 753 G
771 716 788 753 1.
802 714 833 753 21
854 700 925 752 Post
940 700 1087 769 specialem
1099 700 1304 751 truncationem

150 772 258 825 transit
269 771 310 824 ad
313 770 537 840 generalitatem,
550 787 584 823 ne
595 770 674 839 qued
685 787 788 823 numen
801 773 970 840 praetereat,
983 786 1058 822 more
1071 770 1239 839 ponteficum
1250 772 1308 839 per

151 858 221 910 quos
244 842 306 894 ritu
327 842 418 894 ueteri
435 842 466 894 in
488 841 615 894 omuibus
634 843 723 894 sacris
739 845 806 911 post
828 840 959 911 speciales
980 841 1044 894 dees
1064 858 1133 909 quos
1153 840 1305 910 adipsum

151 928 264 966 sacrum
283 912 360 980 quod
366 911 456 980 fiebat
472 928 574 964 necesse
591 913 685 964 erat
671 929 799 965 inuocare
797 913 988 992 'geueraluer
1006 928 1102 964 οιιιιιια
1122 928 1242 963 numina
1262 912 1305 963 in-

152 983 329 1036 uncabuntur
338 981 538 1050 (Saluagnius).
593 986 642 1037 85.
661 985 758 1063 oapIti
768 981 864 1052 quod
857 999 886 1035 ιιι
899 982 1138 1063 exsecrationibus
1151 982 1304 1048 (earmina

153 1053 234 1120 dira)
248 1052 398 1133 praecipue
412 1052 574 1107 deuouetur.
613 1055 652 1106 M.
666 1053 721 1106 xiii.
734 1068 793 1121 330,
806 1071 849 1106 xv.
866 1065 924 1121 505,
939 1052 1038 1106 Her.''
1022 1052 1059 1107 ui.
1070 1067 1113 1122 94.
1138 1054 1304 1106 malefido.

156 1124 256 1204 Itaque
269 1122 376 1176 amicus
389 1123 486 1176 iuerat.
524 1131 683 1203 canuntur
695 1125 767 1177 Aen.
780 1123 815 1178 xi.
829 1138 889 1192 399.
962 1127 1011 1178 88.
1029 1129 1186 1188 peragunt
1197 1128 1305 1188 partes

153 1194 244 1249 Am.'
237 1193 265 1248 ti.
286 1206 324 1261 15.
343 1193 377 1247 26
396 1192 478 1246 ‘And
496 1193 597 1263 raging
616 1200 705 1262 'anger
722 1193 829 1248 takes
822 1211 851 1246 ιιι
873 1193 975 1262 hande,
1000 1193 1067 1247 with
1085 1194 1172 1263 griefe
1191 1203 1221 1248 to
1239 1193 1305 1261 play

155 1265 308 1346 hisparte'
345 1266 377 1317 T.
391 1263 579 1317 Vnderdown.
659 1268 710 1317 88.
728 1269 847 1319 caduca
859 1264 1013 1319 trrstaF1.
1030 1266 1088 1319 181.
1172 1268 1222 1319 88.
1240 1267 1304 1332 illa,

155 1335 273 1389 illustria
303 1344 331 1389 et
362 1334 493 1388 omnibus
524 1344 600 1388 nota.
650 1335 720 1390 Plat.
747 1336 832 1404 Legg.
857 1335 893 1389 xi
918 1350 967 1404 93ι
996 1338 1028 1403 Β,
1055 1335 1185 1399 Οἰδίπους,
1210 1333 1304 1422 φαμέν,

155 1405 305 1474 ἀτιμασθεὶς
326 1404 450 1470 ἐπευξατο
470 1426 525 1460 τοις
544 1406 622 1458 αὑτοῦ
643 1405 740 1460 τέκνοις
759 1405 775 1458 ἃ
793 1406 823 1473 δὴ
844 1407 884 1459 καὶ
903 1409 954 1460 πιῑς
971 1406 1042 1474 ὕμνει
1032 1406 1137 1460 τέλεα
1153 1408 1193 1458 καὶ
1211 1404 1306 1473 ἐπιριοα

155 1476 277 1547 γενέσθαι
294 1476 363 1562 παρὰ
382 1475 474 1542 θεῶν,’
476 1474 612 1564 Αμιίντορό
629 1497 657 1528 τε
674 1477 770 1529 Φοίνικι
788 1477 824 1546 τῷ
841 1498 932 1530 εαυτου
920 1477 1126 1546 ἐπαράσασθαι
1138 1476 1210 1529 παιδὶ
1223 1476 1306 1544 θυμω-

157 1548 233 1601 θέντα
251 1548 292 1600 καὶ
310 1544 482 1635 Ἱππολύτῳ
501 1546 605 1613 θησέα
624 1546 664 1598 καί
682 1546 784 1616 ἑτέρους
801 1529 899 1602 όλλους
916 1547 1021 1615 μυρίους
1038 1548 1144 1637 μυρίοις,
1164 1547 1199 1600 ὧν
1216 1547 1307 1617 γέγονε

157 1617 268 1688 σαφές’
255 1619 379 1685 επηκόους
391 1611 452 1669 εἶναι
464 1620 568 1687 γονεῦσι
580 1618 645 1684 πρὸς
656 1617 731 1670 τέκνα
743 1616 858 1672 θεούς·’
844 1619 951 1687 αραῖος
966 1618 1024 1689 γὰρ
1042 1617 1149 1686 γονεὺς
1167 1617 1308 1686 ἐκγόνοις

157 1689 195 1743 ὡς
216 1687 352 1743 oddus
338 1708 441 1768 ιτερος
463 1688 581 1752 ἅλλοις,
604 1688 749 1741 δικαιότατα
773 1687 973 1756 (Saluagnius).
1065 1690 1115 1741 90.
1135 1690 1308 1753 Pasiphaes

157 1763 265 1824 generi
282 1757 385 1812 Thesei
404 1757 497 1812 mariti
517 1758 673 1813 Phaedrae.
716 1763 815 1813 uerba
833 1758 935 1812 diras
928 1776 956 1811 m
977 1758 1171 1827 Hippolytum.
1219 1759 1308 1827 Quem

157 1847 221 1884 cum
242 1846 299 1883 nou
316 1830 455 1899 potuisset
475 1829 617 1912 (Phaedra
637 1829 771 1895 nouerca)
795 1830 836 1883 ad
852 1846 935 1882 suam
952 1824 1104 1898 perducere
1124 1830 1308 1895 uoluntatem,

157 1901 275 1955 tabellas
291 1901 412 1970 scriptus
428 1900 469 1952 ad
483 1901 580 1953 utrum
598 1917 682 1953 suum
699 1902 778 1954 misit
794 1918 823 1953 se
840 1900 874 1953 ab
886 1900 1043 1970 Hippolyte
1059 1904 1242 1969 compressam
1254 1916 1310 1952 esse

158 1989 239 2041 seque
255 1973 317 2041 ipsa
334 1971 483 2040 suspendu
502 1972 620 2025 ueeauit
662 1970 780 2024 Theseus
799 1989 830 2024 re
847 1971 948 2024 audita
958 1971 1058 2040 filium
1072 1988 1156 2024 suum
1169 1971 1310 2023 moenibus

158 2043 284 2096 excedere
296 2043 380 2095 iussit
391 2047 418 2094 et
430 2043 542 2129 optauit
557 2059 576 2094 a
592 2042 727 2111 Neptuno
740 2046 826 2112 patre
833 2042 900 2130 filio
917 2058 968 2094 suo
980 2043 1108 2094 exitium.
1147 2041 1252 2110 Hygin.
1266 2053 1307 2106 47.

160 2115 228 2167 Eur.
243 2112 331 2200 Hipp.
344 2113 395 2178 887
414 2109 488 2164 ’‘nll
489 2111 631 2181 ὦπάτερ
647 2113 785 2178 Πόσειδον,
800 2111 860 2167 tis’
847 2113 904 2180 εμοί
921 2133 985 2165 ποτε
990 2107 1110 2200 'Apris‘
1098 2111 1215 2180 υπέσχου
1233 2114 1311 2179 τρεῖς,

159 2184 204 2252 μιᾷ
216 2204 374 2272 κατεργρσαι
386 2180 513 2234 Totiruu'
499 2184 560 2251 εμὸν
571 2181 675 2247 παιδ’,
663 2204 757 2253 ημεραν
775 2182 851 2236 δὲ
820 2205 854 2250 μη
871 2181 952 2251 φύγοι
964 2179 1075 2249 Τῆνδ
1051 2203 1121 2252 ειπερ
1134 2181 1193 2251 ἡμῖν
1205 2180 1311 2236 ὤπασας

161 2253 339 2323 σαφεῖςᾶμάς.
379 2252 437 2307 Cic
451 2252 528 2306 Off.
521 2271 538 2306 1.
555 2269 593 2321 10,
607 2252 646 2306 iii.
659 2266 702 2340 35.
777 2257 822 2309 91.
841 2257 928 2315 Quas
940 2256 1096 2308 transiero
1110 2252 1133 2306 si
1147 2270 1217 2322 quas
1230 2269 1310 2321 prae

161 2324 271 2379 teriem.
343 2327 391 2377 92.
411 2327 571 2378 Plenius
561 2328 689 2410 ingenio
714 2324 881 2377 cumulatius
907 2340 993 2393 quam
1017 2334 1048 2378 ut
1075 2323 1170 2377 animo
1196 2323 1310 2391 fingam,

160 2395 286 2449 carmine
298 2395 422 2464 eloquar.
479 2398 527 2450 93.
543 2399 649 2449 minus
661 2401 795 2449 noceant
807 2395 883 2464 quod
894 2397 1005 2449 fletum
1017 2411 1073 2447 non
1087 2411 1185 2448 uerum
1197 2410 1312 2448 nomen

161 2476 348 2520 exsecrentur.
395 2466 523 2534 Languet
547 2466 624 2519 enim
649 2465 720 2519 ictus
745 2465 799 2519 nisi
823 2465 853 2518 in
878 2476 985 2519 certum
1011 2464 1147 2534 quiddam
1167 2464 1311 2534 dirigatur,

86 2598 87 2601 4
162 2535 242 2606 quasi
256 2535 475 2604 σκιαμαχούντων.
546 2539 595 2592 95.
614 2539 710 2590 111um
731 2552 788 2601 ago
809 2545 955 2605 tamquam
971 2540 1046 2590 Ibin
1063 2538 1203 2589 deuoueo
1220 2552 1313 2599 quem

163 2607 228 2660 Ibin
240 2610 498 2675 mensintelligIt,
516 2609 578 2661 h..e
600 2607 658 2661 lbis
676 2607 745 2661 mihi
763 2607 809 2661 ille
828 2617 871 2661 est
884 2623 968 2676 quem
982 2607 1034 2661 sub
1048 2607 1101 2660 hoc
1114 2606 1228 2660 nomine
1241 2616 1312 2661 tam-

163 2694 250 2758 quam
261 2687 439 2758 praesentem
452 2695 486 2731 ac
498 2694 597 2732 uerum
610 2678 757 2747 imaginor.
787 2677 864 2731 Hinc
874 2687 981 2732 certum
991 2677 1143 2758 quemdam
1153 2676 1313 2746 significare

164 2747 284 2802 Ouidius
306 2747 453 2816 colligitur.
492 2748 577 2802 Cuius
600 2749 623 2803 si
645 2766 696 2819 pro
717 2748 832 2803 nomine
854 2748 936 2818 signa
957 2747 1050 2817 posuit
1074 2747 1198 2815 (Trist.
1191 2765 1208 2802 1.
1233 2748 1313 2816 57),

163 2829 280 2872 manent
298 2835 333 2872 ea
351 2818 379 2871 in
399 2819 528 2900 obscuro.
566 2819 695 2874 Imitatus
717 2819 828 2873 uidetur
848 2819 997 2872 formulam
1017 2835 1073 2888 qua
1090 2819 1173 2872 urbes
1193 2818 1314 2872 deuoue-

164 2889 267 2943 bantur
280 2890 408 2943 Macrob.
422 2889 501 2944 S.''11i.
515 2904 540 2957 9
557 2905 589 2942 ιο
605 2902 645 2942 vr
657 2902 762 2944 onnus
776 2902 873 2942 ιιιιιι
886 2902 994 2942 vunnu
1009 2890 1246 2943 Caurunctuuu
1260 2901 1314 2940 nx-

164 2971 367 3022 ERC1TVMQVE
379 2972 466 3022 QVEM
480 2972 540 3014 EGO
554 2972 599 3012 ME
612 2972 725 3014 SENTIO
738 2973 856 3014 DtcuRE
873 2972 952 3013 FVGA
969 2971 1150 3014 FORMIDINE
1166 2971 1315 3012 TERRORE

165 3042 368 3085 COMPLEATIS.
425 3033 474 3086 98
493 3035 553 3085 aest
564 3047 606 3085 sa
638 3030 741 3085 Melius
754 3030 907 3100 scripturus
920 3047 998 3083 eram
1010 3048 1038 3083 se
1049 3031 1108 3084 sert
1141 3032 1207 3082 Nux
1219 3043 1253 3097 43
1267 3030 1317 3083 Sic

164 3103 246 3154 timet
260 3102 382 3155 aaudiat
397 3102 451 3170 qui
466 3119 501 3155 se
518 3101 581 3156 scit
589 3102 672 3170 J'erre
688 3102 786 3155 uiator
795 3111 826 3154 ut
843 3117 877 3154 ex
893 3100 1003 3181 optimo
1014 3100 1112 3181 chice
1124 3117 1214 3169 nuper
1227 3099 1315 3154 edidit

165 3171 360 3226 Wilamowitz.
387 3188 496 3237 praees
508 3171 715 3241 inprecationes
726 3185 778 3240 97
761 3172 838 3224 -106.
868 3170 973 3224 Poeta
966 3187 1111 3224 inimicum
1121 3180 1315 3224 exsecraturus

166 3242 245 3310 fingit
263 3259 294 3296 se
308 3241 388 3312 quasi
406 3260 517 3296 sacrum
532 3242 674 3311 quoddam
688 3243 789 3296 lacere.
827 3243 893 3310 Ipse
906 3244 1051 3295 sacerdos
1063 3251 1209 3310 tamquam
1221 3241 1315 3295 adsint

166 3312 304 3366 sacrificio
319 3313 477 3394 legentibus
493 3312 592 3367 indicit
607 3313 742 3388 εὐφημίαν,
759 3322 789 3366 ut
805 3311 875 3365 nihil
891 3312 987 3365 dicant
1003 3312 1078 3381 quod
1095 3328 1205 3365 sacrum
1223 3312 1315 3365 turbet

166 3383 239 3437 ¹situe
261 3382 327 3437 laeti
349 3383 457 3452 augurii
478 3382 535 3453 (98,
553 3383 608 3452 99),
629 3393 689 3438 tum
711 3394 741 3436 ut
763 3382 905 3437 tristitiam
915 3381 1091 3463 significent,
1110 3381 1233 3436 hostiam
1254 3383 1316 3437 h..e

166 3457 241 3508 Ibin
265 3454 397 3508 adeundo
422 3471 486 3508 cum
511 3454 642 3522 lacrimis,
666 3453 820 3524 pullatique
845 3463 873 3507 et
899 3453 1012 3506 sinistro
1037 3453 1110 3522 pede
1138 3462 1317 3506 occurrentes

168 3524 325 3605 (roo-102).
362 3527 436 3577 Tum
451 3524 510 3578 ad
503 3543 596 3594 ipsum
611 3524 673 3578 Ibin
687 3542 840 3578 conuersus
855 3524 932 3578 iubet
946 3523 1028 3578 morti
1042 3541 1073 3578 se
1085 3540 1185 3593 parare
1197 3523 1317 3592 sumptis

167 3594 245 3649 uittis
263 3594 364 3664 quibus
381 3605 496 3649 ornatus
512 3597 588 3649 uelut
605 3594 723 3649 hostia
716 3612 744 3648 sn
762 3612 811 3649 ara
828 3596 865 3648 ad
883 3594 938 3648 id
931 3612 1025 3663 ipsum
1043 3605 1142 3664 parata
1158 3594 1318 3648 Immoletur

170 3664 252 3733 (103-
256 3664 325 3734 106).
463 3670 511 3722 97.
529 3683 678 3731 peragam
700 3672 771 3720 rata
794 3672 871 3721 uota
891 3666 978 3719 uerba
999 3675 1148 3747 concepta
1107 3665 1318 3720 tdeuotionis
1392 3664 1393 3668 ’

169 3753 306 3807 exsequar
333 3735 370 3790 ad
394 3735 505 3791 felicem
532 3747 673 3791 euentum.
712 3736 759 3791 Sic
785 3741 923 3808 peragere
951 3754 1032 3790 saera
1060 3738 1091 3791 P.
1117 3736 1154 3790 iii.
1178 3751 1202 3790 2.
1221 3736 1264 3804 66,
1285 3737 1317 3789 F.

169 3824 195 3860 v.
219 3820 282 3873 444,
302 3804 363 3874 630.
406 3813 478 3862 rata
503 3807 544 3862 sic
569 3807 680 3862 uidetur
705 3807 833 3862 additum
858 3817 888 3861 ut
914 3807 1026 3876 Prop.'
1020 3825 1055 3862 ιν.
1074 3822 1102 3861 1.
1126 3823 1171 3860 101
1198 3807 1320 3860 quenes

169 3882 268 3930 uotum
276 3877 370 3946 facete
387 3878 720 3948 impartibilitatem
737 3881 812 3932 uotis
829 3881 945 3948 occupat
957 3883 1026 3932 aute
1042 3880 1115 3931 ratis
1127 3879 1157 3931 ‘1
1171 3876 1226 3930 will
1239 3894 1320 3945 carry

169 3964 218 4015 my
230 3964 306 4001 vows
319 3948 441 4016 through
453 3959 482 4002 to
496 3949 569 4004 their
581 3949 824 4004 consummatton’
905 3952 954 4003 98.
973 3952 1053 4002 Ibin.
1087 3950 1183 4001 Potest
1196 3947 1320 4000 alludere

170 4018 208 4072 ad
229 4035 294 4072 eam
315 4017 550 4108 significationem
569 4036 654 4101 quam
676 4019 761 4074 tradit
782 4018 943 4088 Hesychius
962 4020 1014 4072 sub
1033 4036 1055 4072 s.
1065 4036 1091 4073 u.
1114 4016 1157 4081 tas
1175 4018 1321 4084 ἶβοιινῆσαι

170 4087 363 4156 ἲβυκινίισαντει
385 4087 452 4152 iiior.
499 4092 563 4144 Hoc
588 4089 671 4158 enim,
697 4090 733 4144 ab
758 4091 855 4144 lonico
881 4089 925 4152 ἶβὺ
951 4090 1075 4156 ductum,
1103 4088 1238 4168 εὐφημίαν,
1263 4087 1321 4151 ἷβυ-

171 4161 272 4226 κινῆσαι
285 4159 408 4227 εὐφημειν
420 4159 558 4228 significat
571 4162 598 4215 h.
607 4178 631 4216 e.
646 4178 694 4215 ore
706 4161 809 4214 fauere.
904 4162 954 4215 98.
973 4177 1026 4214 ore
1038 4162 1141 4213 fauete
1154 4157 1223 4211 nihil
1237 4157 1322 4213 dicite

171 4231 248 4299 quod
267 4229 389 4283 alienum
409 4230 444 4284 sit
463 4249 480 4284 a
497 4232 607 4299 lugubri
629 4248 717 4284 sacro.
760 4232 859 4299 Henry
871 4229 1056 4284 Aeneidea
1029 4247 1066 4283 ιιι
1079 4247 1106 4298 p.
1120 4230 1175 4298 25‘
1184 4246 1234 4282 use
1252 4246 1323 4310 your

171 4302 285 4354 mouths
303 4317 336 4354 so
353 4317 385 4354 as
404 4311 433 4355 to
445 4301 552 4355 further
571 4304 644 4356 what
659 4304 670 4354 Ι
686 4319 733 4355 am
750 4302 845 4355 about.
884 4301 912 4352 Is
920 4301 968 4354 the
982 4300 1121 4369 speaker
1114 4318 1137 4353 rs
1151 4299 1299 4367 engaged
1293 4318 1322 4352 ιιι

171 4363 365 4439 lamentation,
378 4389 425 4424 ere
433 4373 533 4440 fauete
551 4373 615 4426 thus
634 4372 767 4426 becomes
786 4371 946 4441 equivalent
964 4382 994 4424 to
1013 4387 1115 4424 mouru
1133 4370 1204 4424 wztu
1223 4388 1273 4439 me,
1291 4388 1322 4424 as

173 4442 257 4509 Ovid,
272 4440 330 4496 lbis
344 4443 386 4510 98,
400 4457 435 4511 99
449 4443 584 4524 Quisquis
598 4444 663 4496 ades
679 4444 774 4512 saeris,
792 4459 847 4496 ore
862 4443 981 4509 fauete,
999 4443 1088 4495 meis.-
1108 4442 1243 4523 Quisquis
1258 4442 1324 4495 ades

172 4513 553 4584 saeris,lugubriadicite
572 4514 691 4567 uerba.³
779 4515 845 4569 100.
864 4515 942 4567 fletu
951 4516 1089 4570 madldts
1102 4512 1237 4567 T11st1ii.
1253 4524 1273 4580 5.
1293 4527 1322 4565 12
