3038 4988
231 379 287 434 126
630 372 978 434 COMMENTARIVS

226 531 339 584 Maeote
349 535 377 584 el
388 529 450 583 rllzs
462 529 618 598 p'aludrbns
633 547 662 582 se
673 530 834 600 defendebat
847 528 895 597 (de
908 530 960 599 leg.
975 528 1083 598 Agr.''11.
1102 543 1140 597 19.
1157 527 1211 598 52).
1252 529 1296 583 Cf.
1310 531 1386 599 App.

230 601 284 655 Mit
285 602 325 655 hr.
348 616 404 667 101,
428 615 475 653 102
462 533 623 654 pAtddtvev
643 600 702 667 ἔθνη
725 601 834 654 Σκυθικὰ
855 602 895 652 καὶ
916 601 1044 668 πολεμικὰ
1069 601 1108 652 καὶ
1131 599 1295 668 ἀλλότρια,
1288 617 1316 653 ln
1340 601 1387 655 his

229 672 395 726 Heniochos
415 682 442 726 et
461 672 601 739 Achaeos,
621 671 724 725 donec
733 672 771 726 ad
794 671 921 725 Maeotin
944 669 1081 752 peruenit.
1121 671 1193 724 Inde
1212 671 1298 751 (App.
1323 669 1385 736 107)

229 742 450 811 Panticapaeum
473 742 599 796 urbem
593 759 621 795 m
644 753 770 796 extrema
789 753 869 811 parte
889 741 1028 796 Tauricae
1052 741 1222 795 Chersonesi
1242 741 1329 795 sitam
1350 759 1386 796 ex

228 813 336 867 oriente
346 812 503 882 occupauit,
514 823 598 882 atque
609 813 647 866 ibi
658 813 807 867 derelictus
820 831 838 867 a
851 812 908 866 suis
919 824 1039 866 mortem
1049 812 1102 865 sibi
1111 812 1266 866 adiuuante
1276 811 1385 866 Bituito

229 884 353 954 quodam
375 885 455 938 Celta
473 883 617 937 consciuit.
658 884 766 937 Poteris
784 894 812 937 et
832 884 868 938 de
889 884 1046 937 Philocteta
1064 882 1240 952 interpretari
1260 883 1385 969 legendo

227 956 384 1009 Lemnaens
406 954 483 1022 (Lyc.
506 956 577 1022 227).
617 956 693 1008 Nam
720 954 890 1008 Philoctetes
915 955 1003 1008 redux
1023 957 1230 1008 Amastriacis
1254 957 1297 1008 ab
1318 958 1385 1008 oris

227 1026 254 1079 h.
264 1042 287 1079 e.
302 1025 338 1079 ab
351 1025 432 1078 litore
446 1024 547 1078 Euxini
561 1025 646 1078 maris
657 1025 732 1095 quod
746 1043 810 1079 cum
822 1024 1014 1093 Argonautis'
1008 1024 1141 1079 rnuiserat
1157 1024 1228 1092 (Val.
1241 1024 1301 1078 Fl.
1294 1042 1310 1078 1.
1322 1039 1384 1092 391,

228 1096 265 1150 iii.
286 1109 350 1176 722,
369 1094 498 1149 Philostr.
521 1097 582 1149 Iun.
603 1098 680 1150 Icon.
703 1095 744 1163 17)
759 1095 950 1164 ,Lamnaeus
944 1113 1003 1149 1ure
1025 1113 1077 1149 suo
1101 1095 1288 1174 appellandus
1313 1105 1384 1163 erat,

228 1176 258 1219 ut
277 1166 324 1236 qui
343 1165 372 1219 in
391 1165 511 1219 insulam
533 1168 661 1220 Lemnon
685 1166 729 1220 bis
752 1167 914 1235 appulisset,
935 1166 1012 1235 prius
1031 1182 1095 1219 cum
1113 1165 1286 1233 Argonautis
1308 1167 1382 1234 (Val.

228 1238 269 1290 Pl.
291 1236 331 1305 ii),
353 1246 453 1305 postea
477 1254 542 1290 cum
568 1237 651 1290 Grais
682 1237 842 1307 petentibus
868 1237 991 1304 Troiam,
1017 1254 1073 1306 quo
1101 1246 1228 1305 ternpore
1254 1237 1384 1304 Chrysae

228 1324 306 1362 aram
322 1324 460 1376 quaerens
478 1317 505 1360 et
523 1308 559 1361 ab
577 1325 669 1376 angue
688 1324 797 1362 morsus
816 1318 930 1378 propter
946 1317 1049 1361 tetrum
1066 1307 1189 1361 uulneris
1205 1306 1323 1360 odorem
1344 1307 1383 1360 ibi

228 1378 439 1432 destitutust
396 1386 446 1433 est.
488 1377 564 1431 Hinc
581 1379 643 1432 Val.
667 1379 735 1433 Fl.'
728 1396 745 1432 1.
766 1394 816 1447 392
836 1379 872 1432 de
894 1379 1052 1432 Philocteta
1069 1380 1122 1431 Bis
1139 1379 1266 1430 Lemnon
1285 1379 1385 1431 ur'sure

227 1449 303 1502 dicit.
425 1451 496 1503 330.
514 1452 630 1503 Nudus
651 1449 777 1518 Phil.5
745 1463 777 1519 95
781 1465 796 1516 3
819 1450 908 1519 ψιλὸς,
931 1449 975 1502 οὐκ
997 1450 1063 1536 ἔχων
1084 1448 1193 1535 τροφήν.
1236 1451 1384 1503 Achillea
1404 1467 1408 1476 ’

226 1522 324 1573 humo
351 1518 375 1573 si
404 1519 440 1573 de
466 1519 563 1574 Mithr.
591 1519 740 1601 intelligas,
767 1529 814 1574 aut
842 1519 964 1588 explices
989 1519 1025 1574 de
1049 1517 1193 1588 Ἀχιλλέως
1218 1518 1306 1590 δρόμῳ
1334 1519 1383 1589 qui

227 1590 427 1659 nauigantibus
441 1607 458 1644 a
471 1590 655 1658 Borysthenis
675 1591 748 1644 ostio
767 1591 795 1644 in
811 1591 948 1645 orientem
962 1591 1136 1660 paeninsula
1148 1599 1190 1643 est
1204 1591 1384 1658 adforrnam

221 1662 337 1742 gladi'
324 1678 355 1714 tn
374 1667 568 1714 transuersum
583 1665 715 1731 porrecta
732 1664 928 1715 exercitatzane
945 1661 1063 1714 Achillis
1082 1662 1280 1748 cognominata
1299 1661 1383 1728 (Plin.

227 1733 261 1786 iv.
280 1732 334 1801 83),
356 1731 506 1786 Tauricam
530 1733 738 1785 Chersonesum
758 1743 891 1801 spectans
911 1750 945 1785 ex
967 1732 1096 1799 aduers0,
1116 1741 1164 1785 aut
1184 1732 1220 1785 de
1240 1731 1384 1802 Ἀχιλλείιρ

228 1806 306 1871 κόμρ,
325 1820 391 1883 quo
403 1804 466 1856 loco
488 1802 687 1883 angustissime
709 1820 739 1856 se
761 1803 901 1857 contrahit
923 1802 1045 1856 Maeotis
1065 1801 1168 1855 ostium
1188 1802 1294 1869 (strab.
1308 1783 1383 1870 494).

229 1873 338 1928 Poteris
356 1873 442 1927 etiam
461 1873 568 1927 latius
561 1872 737 1942 interpretari
755 1874 791 1927 de
808 1891 858 1927 ora
877 1873 1018 1941 Scythica.
1059 1875 1120 1927 Iam
1133 1873 1254 1926 Alcaeus
1273 1872 1385 1927 dixerat

227 1945 259 1999 fr.
280 1958 333 2026 49·
337 1944 438 2013 Bergk,
458 1943 592 2013 Ἀχίλλευ,
612 1943 626 1996 6
649 1946 694 1998 τᾶς
714 1944 835 1998 Σιοθὶκος
856 1944 948 2012 μεδιίς.
985 1944 1015 1998 Si
1038 1944 1074 1998 de
1097 1942 1255 1997 Philocteta
1276 1943 1384 2012 capias,

227 2032 262 2068 ex
281 2014 418 2084 scriptura
437 2015 567 2068 codicum
584 2014 763 2083 MutinensiS,
784 2015 975 2082 Holkhamiei,
992 2013 1115 2068 Conradi
1131 2014 1168 2068 de
1188 2015 1271 2067 Mure
1286 2014 1384 2068 elicies

227 2086 392 2139 Ecln'dnaea
410 2087 455 2140 uel
474 2086 619 2140 Eclnnaea
638 2087 700 2141 be.
720 2087 835 2154 Lemno,
855 2086 902 2138 ubi
922 2095 949 2139 et
969 2085 1029 2154 ipse
1049 2085 1219 2139 Philoctetes
1238 2085 1275 2138 ab
1289 2102 1385 2153 angue

228 2174 338 2211 morsus
351 2165 394 2210 est
407 2166 435 2210 et
448 2156 495 2210 alii
509 2156 659 2236 όφιόδηκτοι
672 2173 690 2210 a
702 2127 896 2210 sacerdotibus
910 2156 1068 2244 Hephaesti
1085 2156 1256 2208 curabantur
1274 2157 1383 2224 (Schol.

229 2227 286 2281 ll.'
280 2227 308 2280 ri
328 2226 400 2294 725),
418 2237 445 2281 et
463 2227 578 2280 noxium
597 2244 686 2295 genus
705 2237 867 2297 serpentum
887 2248 912 2278 κε
914 2228 1020 2298 γχρίνιρς
1037 2225 1211 2281 inhabitasse
1230 2226 1385 2295 praecipue

228 2297 305 2351 iuxta
326 2297 506 2364 Mosychlum
527 2297 628 2351 dicitur
647 2315 665 2351 a
685 2297 831 2351 Nicandro
851 2299 934 2352 Ther.
955 2298 1007 2365 463
1028 2314 1090 2367 sqq.
1175 2299 1242 2351 331.
1259 2301 1314 2350 uel
1334 2314 1385 2365 op-

228 2367 342 2449 ponitur
360 2371 421 2421 Vel
441 2383 499 2436 333.
538 2368 725 2436 Eurydamas,
747 2368 819 2421 filius
846 2368 944 2436 Medii,
969 2385 1033 2423 cum
1056 2369 1243 2435 Thrasyllum,
1266 2368 1385 2423 fratrem

230 2438 300 2493 Simi
328 2438 460 2506 Larisaei,
485 2438 644 2507 occidisset,
669 2440 705 2493 ab
730 2440 785 2492 hoc
810 2439 847 2493 ad
872 2457 983 2492 currum
1010 2438 1112 2507 ligatus
1138 2448 1165 2492 et
1190 2437 1265 2492 circa
1290 2449 1385 2493 tumu-

229 2511 287 2562 lum
308 2508 448 2589 Thrasylli
473 2519 578 2563 tractus
604 2520 665 2564 est:
691 2511 768 2579 quod
792 2520 919 2564 narrarat
943 2509 1133 2564 Callimachus
1158 2508 1218 2562 siue
1244 2508 1272 2561 in
1301 2509 1385 2590 Ibide

230 2579 420 2649 (Bentl.)'s1ue
433 2578 461 2632 in
474 2580 564 2634 Aet'‘t11s
579 2579 747 2648 (Schneider
761 2581 911 2635 Callim.''11.
924 2598 950 2651 p
965 2581 1038 2647 627).
1075 2581 1169 2634 Schol.
1183 2581 1254 2633 Ven.
1270 2580 1304 2634 ll.
1318 2580 1385 2636 xxii.

229 2664 280 2718 397
295 2652 343 2703 Διὰ
360 2652 385 2703 τί
404 2651 541 2719 Ἀχιλλεὺς
559 2650 719 2704 θανόντο’
686 2673 759 2721 συριι
776 2654 821 2705 τὸν
830 2651 958 2721 Ἔκτορα;
983 2652 1042 2704 ὁδέ
1056 2652 1225 2719 Καλλίμαχός
1241 2649 1359 2738 φησιν
1343 2672 1385 2704 οτι

227 2723 336 2790 πάτριόν
348 2721 406 2774 ἐστι
420 2723 571 2776 θεσσαλοῖς
582 2721 642 2777 τοὺς
653 2727 704 2775 τῶν
720 2723 854 2792 φιλτάτων
872 2721 1014 2792 φονέας’
981 2743 1069 2790 ουρειν
1080 2723 1139 2789 περὶ
1152 2721 1212 2775 τοὺς
1224 2727 1275 2774 τῶν
1288 2723 1385 2790 φονευ·

228 2792 323 2846 θεντων
336 2792 444 2861 τάφους
463 2792 563 2857 Σίμωνα
574 2793 625 2862 γάρ
638 2791 706 2861 φησι
722 2794 863 2846 θεσσαλδν
874 2794 949 2846 τδ’
917 2815 998 2862 γενος,
1016 2791 1200 2861 Εὐρυδάμαντα
1212 2793 1257 2846 τδν
1272 2792 1385 2846 Μειδίου

230 2868 307 2933 σῦραι
325 2862 400 2932 (add.
422 2862 600 2932 Schneidff)
585 2864 766 2917 αποκτείναντα
780 2865 978 2931 Θράσυλλον
952 2885 998 2917 τον
1015 2862 1179 2932 ἀδελφὸν’
1150 2865 1238 2929 αυτοῦ,
1251 2863 1386 2931 ἄρξασθαί

228 2956 257 2988 τε
269 2938 314 2988 τοῦ
326 2937 405 3002 νόμου
418 2939 528 3003 πρῶτον.
558 2938 649 2987 τοῦτον
660 2935 711 3004 γὰρ
724 2934 823 3003 ἐξάψαι
835 2957 881 2987 του
869 2935 1028 3004 δίφρου
1002 2956 1047 2988 τον
1058 2933 1146 3015 φονέα
1155 2953 1195 2986 και
1186 2934 1304 3000 περὶ
1278 2955 1325 2987 τον
1336 2939 1385 2987 τοῦ

228 3007 438 3071 τετελευτηκότος
450 3005 534 3074 τάφον
546 3002 641 3058 ἕλκειν.
681 3005 846 3059 Callimachi
860 3023 957 3059 uersus
971 3006 1007 3060 de
1025 3022 1059 3059 ea
1076 3022 1105 3059 re
1124 3004 1191 3058 citat
1210 3005 1327 3057 Proclus
1344 3005 1386 3059 ad
1446 3041 1450 3049 -

230 3077 339 3130 Platon.
360 3078 430 3145 Rep.
451 3093 477 3145 p.
494 3090 542 3143 391
564 3075 719 3129 πάλαιδ’”’
704 3097 742 3128 ςτι
762 3077 937 3130 θιασαλδς’
923 3077 986 3144 ανὴρ
1006 3074 1137 3141 Ῥυστάζιι
1159 3074 1291 3144 φθιμένων
1313 3075 1385 3144 ἀμφὶ

229 3148 315 3216 τάφον
329 3146 432 3217 φονέας.
472 3146 640 3214 (Schneider
655 3147 763 3201 Callim.
777 3148 794 3200 l.
805 3145 840 3213 c.)
885 3152 934 3200 ter
947 3146 1030 3201 toties
1043 3156 1071 3200 et
1086 3148 1241 3200 Hectorem
1253 3145 1384 3200 Achilles

229 3227 354 3298 raptarat
369 3218 401 3271 Il
414 3216 485 3271 xxiv.
502 3217 541 3270 16.
678 3221 746 3272 332.
764 3221 929 3272 Larisaeis.
969 3217 1178 3271 Demosthenes
1193 3218 1297 3270 Neaer.
1315 3218 1384 3284 1382

229 3288 298 3342 dicit
312 3291 462 3356 Neaeram,
476 3287 652 3343 meretricem
668 3288 816 3357 famosam,
830 3306 889 3342 rem
907 3289 1072 3343 habuisse
1059 3309 1086 3341 εν
1104 3287 1231 3355 θετταλίρ
1244 3286 1286 3338 καὶ
1305 3295 1385 3357 Μογ-

229 3361 305 3427 νηοίᾳ
317 3361 381 3427 μετὰ
394 3360 472 3424 Σίμου
485 3363 530 3411 τοῦ
544 3359 686 3427 Λαρισαίου
702 3381 742 3410 και
734 3359 953 3429 Εὐρυδάμαντος
967 3363 1013 3412 τοῦ
1031 3358 1151 3425 Μηδιουι
1176 3374 1268 3427 neque
1281 3375 1300 3411 a
1312 3375 1385 3412 uero

229 3429 654 3484 abhorretinimicitiamortam
667 3447 817 3484 examore.
832 3430 866 3484 ci.
881 3432 983 3485 Neaer.
1001 3443 1076 3511 1352.
1244 3430 1313 3483 333.
1327 3433 1387 3492 qui

231 3503 346 3554 Hector.
370 3504 513 3554 Tutatus.
539 3522 650 3570 οιοςγαρ
661 3498 942 3582 ερυετοἼλιονἜκτωρ
953 3501 1027 3555 livi.
1038 3516 1097 3567 403.
1147 3502 1216 3554 834.
1228 3502 1386 3554 lustrarat

229 3571 297 3624 dum
317 3571 365 3624 ab
374 3571 483 3624 Achille
504 3570 608 3625 circum
629 3571 731 3626 Troiae
750 3571 863 3625 moenia
885 3582 1011 3653 raptatur
1031 3573 1061 3625 ll.
1079 3570 1149 3625 xxiv.
1174 3570 1212 3638 16,
1226 3582 1286 3638 755.
1315 3587 1386 3625 non

229 3645 381 3695 diuturna
394 3659 459 3695 mox
471 3641 577 3696 ruitura
589 3653 700 3696 mortuo
715 3645 846 3697 Hectore.
875 3644 905 3697 ll.
917 3642 987 3696 xxiv
997 3643 1185 3730 728ττρὶνγὰρ
1186 3640 1316 3709 πόλιςῆδε
1326 3640 1384 3695 κατ’

229 3714 307 3780 ἄκρης
331 3713 469 3781 Πέροεται
500 3710 515 3778 ἦ
533 3714 585 3799 γὰρ
607 3712 743 3767 ὅλωλας’
730 3714 880 3780 ετιίσκοπος,
900 3713 963 3767 ὅστε
983 3735 1027 3780 μιν
1049 3714 1126 3779 αὐτὴν
1144 3711 1260 3775 Ρίισκευ,
1280 3713 1340 3781 ἔχει
1359 3712 1386 3766 δ

229 3783 342 3852 ἀλόχους
355 3783 442 3837 κεδνὰς
457 3783 497 3835 καὶ
514 3805 590 3849 νηιτιο
606 3781 688 3848 τέκνα,
702 3801 774 3853 quae
794 3785 881 3839 uerba
899 3794 963 3838 sunt
980 3783 1140 3853 plangentis
1153 3783 1382 3838 Andromaches

229 3855 341 3908 Eodem
370 3854 456 3907 modo
488 3853 549 3908 Be
530 3865 570 3906 ιιι
599 3853 674 3908 circa
704 3857 818 3922 Gazam,
848 3872 934 3925 quam
964 3855 1067 3908 frustra
1092 3854 1256 3908 defenderat
1281 3865 1385 3910 contra

227 3925 428 3993 Alexandrum,
442 3942 506 3979 cum
514 3929 570 3994 per
580 3927 653 3978 talos
664 3927 802 3995 sperantis
814 3927 877 3979 lara
889 3927 1006 3979 traeecla
1018 3930 1093 3991 sunl,
1103 3926 1255 3994 religatum
1267 3925 1309 3977 ad
1319 3942 1384 3978 cur-

228 4014 293 4050 ram
313 4003 425 4057 traxere
442 3998 514 4064 eqni,
530 3996 675 4065 gloriante
693 4012 756 4066 rege
773 3996 914 4064 Achillen,
933 4015 951 4048 a
970 4014 1025 4065 quo
1041 4012 1134 4065 genus
1152 3998 1211 4066 ipse
1227 3995 1384 4065 deduceret,

228 4069 373 4121 imitatam
386 4085 414 4120 se
425 4084 481 4120 esse
488 4071 581 4137 paena
593 4069 624 4120 in
636 4066 740 4120 hostem
753 4068 896 4137 captanda.
935 4069 1009 4121 Curt.
1020 4067 1054 4120 iv.
1065 4067 1089 4120 6.
1105 4076 1107 4081 “
1145 4070 1214 4129 335,
1227 4069 1255 4119 6.
1268 4066 1384 4121 Eadem

228 4139 323 4192 fabula
333 4138 516 4218 recurrit459,
525 4138 585 4205 460,
596 4137 762 4206 uideturque
771 4137 800 4189 in
812 4137 977 4191 Callimachi
990 4137 1071 4191 Ibide
1081 4148 1194 4191 narrata
1201 4136 1296 4203 fuisse,
1307 4146 1385 4192 teste

230 4211 323 4264 Schol.
341 4211 442 4263 Aesch.
462 4208 534 4262 Tim.
550 4210 608 4262 281.
649 4208 815 4262 Heraclides
834 4211 893 4273 περὶ
911 4212 1049 4263 πολιτειῶν
1065 4208 1096 4261 ir.
1112 4208 1251 4299 3iM1¹ellg
1266 4209 1383 4277 Fragm

231 4280 304 4334 Hist.
327 4280 446 4334 Graec.
440 4280 466 4333 li.
487 4297 512 4348 p.
527 4277 616 4349 208)
618 4280 761 4346 Ιππομένηι
779 4275 815 4334 εἷς
833 4283 883 4331 τῶν
902 4279 1035 4349 Κοδριδῶν
1053 4279 1174 4343 λαβὼν’
1161 4280 1203 4333 επὶ
1221 4281 1251 4344 τῇ
1271 4278 1384 4348 θυγατρι

141 4407 143 4411 ,
228 4354 329 4420 μοιχὸν,
343 4352 438 4405 ἐκεῖνον
454 4352 501 4419 μὲν
515 4350 615 4403 ἀνειλεν
629 4348 769 4417 ὑποζεύξας
785 4352 820 4401 τῶ
838 4350 940 4418 ἅρματι,
951 4350 998 4430 τῂν
1015 4346 1070 4402 δέ“
1060 4370 1128 4420 ιπττῳ
1145 4347 1349 4414 συνέκλεισεν,
1334 4373 1386 4406 εως

228 4421 363 4489 ἀπόληται.
399 4438 518 4476 1101111111
530 4437 630 4486 genus
642 4437 761 4486 poenae
775 4402 956 4475 Dlodorus
931 4420 986 4474 v1ii.
1001 4434 1035 4486 24
1051 4421 1174 4488 τιμωρίαν
1186 4418 1327 4500 ἀνήκεστον
1341 4422 1384 4475 καὶ

228 4493 445 4563 τορολλογμενηυ
457 4510 521 4547 eam
534 4503 624 4547 uocat.
774 4494 844 4546 336.
861 4495 1038 4546 Erechthea
1050 4491 1178 4546 Athenis
1194 4493 1233 4545 M.
1247 4490 1303 4544 viii.
1321 4504 1383 4561 547,
