3082 4980
529 361 856 425 PROLEGOMENA.
1252 363 1272 423 li
1351 402 1352 406 =

119 518 303 597 potissimum
324 517 429 578 tabulis
449 519 607 594 inlustraui,
629 539 809 599 quamquam
829 520 860 580 in
874 519 1028 600 Hyginum
1049 519 1116 580 Ibin
1136 521 1273 599 scriptam

119 601 208 662 fuisse
221 619 284 663 non
299 599 413 662 credo*
744 611 747 627 ¹

159 682 250 760 Apud
267 682 412 743 Velleium
433 683 493 743 duo
513 684 614 744 inueni
632 703 700 744 cum
718 684 801 745 Ibide
822 684 1000 756 communia,
1020 684 1048 744 ii.
1065 686 1104 745 60
1118 683 1273 746 i'iiui’diosae

113 767 248 838 fortunae
273 763 409 824 Caesaris
431 765 602 842 quodcum
627 765 672 826 Ib.
696 785 752 825 122
778 764 919 826 Fortunae
928 767 1026 845 socies
1049 766 1189 825 inuidiosa
1210 772 1273 825 tuae

119 846 314 922 comparesii,
328 848 366 920 64
376 847 421 907 At
432 848 561 907 tribunus
577 847 738 908 Cannutius
751 849 852 907 canino
865 848 944 908 rabie
956 845 1099 908 lacerabat
1108 846 1271 919 Antonium,

120 927 155 987 cf.
169 927 214 987 Ib.
231 946 288 1003 ²29
306 927 481 1005 Gutturaque
498 929 647 989 i'nbuerant
662 931 787 1009 infantia
805 931 874 989 lacte
886 932 985 990 canino
998 975 1006 988 .
1021 972 1028 989 .
1044 973 1052 989 .
1067 928 1198 990 Perbibit
1209 930 1273 988 inde

118 1028 185 1068 suae
198 1009 304 1069 rabiem
318 1011 437 1070 nutricis
453 1012 584 1071 alumnus
597 1010 706 1070 Latrat
716 1018 743 1070 ct
757 1013 788 1069 i'n
801 1017 854 1070 toto
869 1011 956 1072 uerba
969 1013 1073 1073 canina
1082 1012 1164 1089 soro.
1206 1009 1272 1070 Nec

119 1092 208 1168 longe
221 1092 259 1151 ab
268 1091 420 1153 Ouidianis
431 1094 597 1171 necsemina
608 1111 655 1153 nec
669 1095 718 1152 uir
728 1097 761 1150 ut
768 1091 848 1153 Attii
857 1092 944 1174 (455)
955 1093 1095 1154 recedunt
1105 1093 1194 1152 uerba
1204 1091 1272 1152 vu.
1292 1094 1296 1097 ’

119 1172 242 1233 Maximi
251 1173 296 1233 vii.
308 1186 335 1248 7.
346 1176 363 1233 6
378 1173 532 1234 Genucium
546 1175 697 1251 amputatis
706 1175 756 1233 sui
765 1175 855 1250 ipsius
867 1182 959 1251 sponte
967 1174 1140 1251 genitalibus
1148 1176 1271 1250 eorporis

114 1255 254 1330 partibus,
278 1274 360 1331 nique
387 1258 516 1315 uirorum
542 1274 625 1332 neque
651 1256 799 1315 mulierum
823 1275 935 1317 numero
961 1255 1063 1316 baberi
1082 1255 1183 1316 debere.
1233 1255 1271 1314 In

119 1335 260 1396 Martialis
275 1336 491 1414 epigrammatis
505 1345 562 1397 tres
581 1338 690 1406 locos†
705 1336 867 1412 Zingerlius
880 1337 991 1398 notauit
1005 1337 1056 1414 qui
1070 1335 1108 1396 ad
1122 1337 1189 1398 Ibin
1203 1352 1272 1414 pro·

119 1417 185 1493 pius
205 1418 385 1490 accederent,
399 1418 438 1479 xi.
453 1420 501 1491 84.
516 1435 536 1491 4
553 1417 626 1478 Cum
635 1419 723 1497 furit
740 1419 781 1476 ad
791 1418 937 1494 Phrygios
957 1419 1052 1479 cntliea
1071 1417 1154 1478 turba
1172 1419 1271 1490 modos,

119 1497 155 1558 cf.
171 1498 215 1559 Ib.
231 1513 291 1573 454
304 1499 463 1558 Inci‘tatod
472 1498 616 1577 Phrygios
630 1500 701 1558 ui‘lia
715 1498 835 1559 membra
849 1501 963 1568 modos,·
983 1500 1022 1561 xi.
1039 1502 1087 1559 82.
1104 1518 1131 1574 3,
1147 1497 1272 1571 4Paeiu
1316 1541 1319 1544 -

120 1580 245 1638 imi'tatus
265 1579 322 1639 obit
340 1583 431 1640 saeuis
444 1578 587 1656 Elpenora
596 1581 677 1657 fatis
693 1581 832 1656 Praeceps
848 1590 901 1656 pir
918 1582 1013 1658 longos
1027 1582 1094 1640 dum
1108 1581 1171 1640 ruit
1188 1599 1272 1657 usquc
1373 1649 1375 1653 ¹

115 1661 237 1736 gradus,
252 1661 290 1721 cf.
305 1661 349 1722 Ib.
361 1666 420 1736 485
435 1660 515 1723 Neue
524 1663 636 1738 gradus
648 1662 730 1722 aleos
742 1660 880 1737 Elpenore
892 1665 1001 1722 cautius
1014 1663 1083 1721 altos
1090 1683 1107 1731 ,·
1127 1661 1182 1721 viii.
1193 1676 1240 1736 50.
1252 1681 1270 1738 3

123 1740 186 1813 Qua
208 1741 293 1803 bonus
311 1744 441 1803 accubari
455 1743 566 1822 genitor
584 1762 645 1805 cum
660 1743 737 1819 plebe
756 1744 865 1804 uuum
883 1742 928 1804 Et
944 1745 1026 1804 licuit
1036 1743 1149 1802 Faunei
1164 1751 1272 1818 poscere

119 1825 188 1882 uina
215 1823 318 1897 Iouem,
347 1825 384 1885 cf.
411 1825 456 1884 Ib.
485 1828 520 1885 81
560 1825 611 1885 Vos
638 1843 741 1901 quoque
760 1825 840 1901 plebs
866 1834 996 1901 superum
1012 1825 1112 1903 fauni
1135 1825 1272 1900 amorique

119 1906 252 1981 laresque.
306 1905 421 1979 Quibus
448 1906 602 1966 notabilius
630 1924 722 1965 unum
749 1906 812 1983 ipse
834 1906 974 1982 deprendi
995 1925 1024 1966 x.
1049 1919 1077 1980 5,
1099 1905 1180 1982 quod
1208 1906 1271 1982 epi·

118 2004 250 2062 gramma
266 1988 298 2045 in
317 1987 492 2048 maledicum
510 1997 630 2064 poetam
651 1988 791 2065 seriptum
812 1998 842 2048 et
860 2007 896 2047 ex
912 1987 1058 2048 Ouidiana
1070 1986 1155 2047 Ibide
1175 2005 1271 2063 paene

119 2085 208 2127 omne
222 2068 382 2130 conflatum
396 2081 449 2131 est.
484 2068 530 2130 Cf.
546 2089 563 2145 3
577 2068 669 2128 Erret
673 2081 729 2146 per
740 2069 821 2129 urbes
829 2071 925 2146 pontis
938 2070 1012 2129 exul
1021 2076 1048 2128 et
1057 2070 1134 2142 cliiii,
1149 2068 1192 2128 lb.
1212 2087 1269 2145 113

118 2148 214 2220 Exul,
229 2152 307 2225 inops
324 2169 399 2210 erres
418 2152 563 2227 alienaque
581 2152 683 2210 limina
703 2151 826 2222 lustres,·
856 2169 873 2224 4
888 2149 1019 2228 Interque
1038 2169 1138 2211 raucos
1155 2152 1274 2218 ultimus,

118 2238 260 2308 rogatores
276 2231 347 2291 Oret
357 2235 475 2292 caninas
491 2235 576 2308 pani's
590 2232 703 2309 inprobi
717 2233 822 2304 macas,
836 2233 881 2293 Ib.
900 2252 957 2305 114
971 2231 1176 2310 Exiguumque
1190 2241 1269 2309 petas

118 2330 164 2370 ore
184 2321 309 2372 tremente
329 2313 428 2384 cibum,
451 2326 509 2389 417
536 2313 636 2385 Qualis
658 2322 723 2374 erat
747 2335 795 2373 nee
821 2333 876 2375 non
891 2316 1018 2393 forium
1041 2314 1187 2373 binominis
1209 2314 1268 2386 Iri,

119 2391 798 2554 bittittttt’tlt‘bbltlii
811 2396 1271 2554 iiiamiiilib‘ii

117 2560 194 2631 copia
214 2561 320 2630 mortis,
338 2557 466 2634 Optatam
475 2559 583 2636 fugiat
600 2560 661 2619 uita
681 2566 772 2620 coacta
793 2579 879 2620 necem
889 2580 904 2628 ,·
930 2578 968 2618 so
984 2559 1029 2618 ΑΙ
1045 2520 1269 2635 τανηῖετφνιπιαε

109 2639 168 2715 fila
189 2642 316 2699 uenerint
332 2641 418 2700 borae
433 2640 554 2716 Diesque
573 2643 679 2713 tardus,
694 2645 796 2700 sentiat
814 2661 913 2701 canum
934 2643 1006 2700 li'tem
1024 2639 1180 2717 Abigatque
1199 2649 1268 2706 moto

116 2723 222 2780 noxias
235 2741 301 2781 oues
310 2731 414 2798 panno,
428 2722 472 2782 Ib.
485 2724 538 2780 161
553 2723 614 2782 His
627 2724 815 2802 uiuussuriis
829 2723 976 2801 agitabere,
989 2729 1114 2782 mortuus
1129 2722 1211 2781 isdem
1224 2721 1270 2783 'Ee

116 2801 227 2863 breuior
234 2813 325 2878 poeno
339 2805 400 2863 uita
408 2805 522 2882 futura
539 2809 589 2863 tua
606 2811 652 2865 est.
694 2803 755 2863 Nec
768 2805 822 2864 tibi
831 2806 966 2880 continget
972 2804 1070 2882 funus
1083 2805 1268 2879 lacrimaeque

115 2889 225 2943 tuorum
240 2927 246 2943 .
259 2928 285 2944 ..
309 2884 451 2962 Vnguibus
463 2890 591 2944 etrostro
603 2885 702 2945 tardus
716 2886 809 2944 trabit
820 2887 873 2945 ilia
887 2886 986 2945 uultur
999 2883 1043 2943 Et
1053 2886 1177 2945 sci'iident
1186 2886 1271 2945 auriti

110 2966 222 3042 perfida
235 2967 319 3024 corda
332 2985 421 3026 canes.
462 2966 597 3042 Denique
615 2984 664 3027 uu.
682 2979 778 3045 13-17
795 2966 857 3026 Nec
869 2968 1016 3044 finiantur
1031 2972 1115 3027 marte
1130 2967 1268 3041 simplices

108 3055 219 3121 paenae,
234 3046 293 3106 Sed
307 3049 383 3107 modo
402 3049 495 3106 seueri
508 3054 594 3107 sectus
607 3047 699 3106 Aeaei
716 3048 794 3119 loris,
810 3047 899 3107 Nunc
917 3049 1036 3122 inquieti
1047 3054 1135 3107 monte
1148 3046 1269 3123 Sisyphi

109 3135 233 3201 pressus,
247 3128 336 3188 Nunc
357 3130 429 3188 inter
449 3129 539 3188 undas
555 3129 677 3204 garruli
693 3130 767 3187 seni‘s
787 3130 883 3202 si'ccus,
897 3128 1027 3187 Delasset
1045 3146 1133 3187 omnes
1141 3129 1267 3207 fabulas

109 3214 254 3284 poetarum
269 3211 411 3270 contraxit
426 3229 463 3270 ex
477 3209 520 3269 Ib.
537 3222 593 3285 195
608 3208 669 3271 Nec
682 3210 780 3268 mortis
788 3219 889 3286 poenas
903 3227 977 3270 mors
989 3210 1079 3269 altera
1086 3211 1172 3287 finiet
1182 3209 1267 3270 buius

114 3298 144 3351 et
161 3304 299 3367 175-194
315 3291 454 3368 Si'mplius
467 3298 508 3351 est
520 3291 580 3350 illic
592 3296 666 3350 esti.

158 3371 331 3449 Saluagnius
358 3374 446 3434 etiam
474 3391 511 3432 ex
534 3372 632 3434 Paeati
652 3372 832 3450 Panegyrico
855 3371 1017 3433 Theodosii
1044 3374 1144 3433 locum
1168 3371 1266 3433 citauit

115 3471 204 3528 quem
218 3472 255 3514 ex
269 3453 353 3515 Ibide
368 3455 488 3515 ductum
502 3454 638 3532 opinatus
653 3455 689 3515 sit
703 3473 729 3515 c.
741 3474 778 3527 42
791 3454 867 3516 Nisi
877 3474 941 3514 uero
954 3461 985 3513 tu
999 3461 1084 3526 tuum,
1099 3453 1266 3518 naturabilia

118 3532 265 3606 Gratimu⁵
290 3538 448 3613 carnificem
462 3538 564 3615 surii's
585 3539 728 3597 comitatus
755 3536 902 3597 ultricibus
926 3536 1062 3596 obsidebas
1085 3542 1113 3595 et
1132 3538 1210 3596 irata
1232 3557 1265 3596 ac

116 3613 195 3694 (add.
210 3616 399 3697 Behrensius)
413 3619 518 3679 minax
538 3618 637 3679 umbra
654 3618 686 3678 ob
701 3638 731 3678 os
750 3622 810 3678 ci'iis
828 3619 965 3697 aetolosque
972 3619 1122 3697 fumantes
1144 3621 1264 3698 infernis

114 3697 228 3772 ignibus
254 3699 348 3758 taedas
374 3705 401 3757 et
430 3702 595 3775 crepitantia
621 3707 691 3760 torto
718 3720 810 3778 angue
830 3700 933 3777 flagra
960 3700 1122 3775 quatiebas:
1152 3700 1190 3760 cf.
1216 3701 1262 3761 Ib.

117 3781 257 3854 157-160
269 3779 397 3856 Denique
414 3783 551 3858 quidquid
564 3801 637 3858 ages,
652 3790 715 3842 ante
732 3802 762 3842 os
781 3783 919 3857 oculosque
937 3781 1040 3853 uolabo,
1054 3780 1099 3839 Et
1111 3801 1224 3858 querar,
1239 3788 1266 3841 et

112 3861 193 3919 nulla
206 3862 266 3920 sede
277 3863 384 3938 quietus
397 3864 460 3921 eri's.
506 3861 623 3923 Verbera
637 3883 721 3923 saeua
735 3864 841 3923 dabunt
850 3866 978 3934 sonitum,
992 3881 1131 3939 nexaeque
1143 3863 1264 3922 colubris

116 3939 236 4003 Conscia
244 3943 405 4020 fumabunt
420 3955 524 4021 semper
542 3946 584 4004 acl
600 3946 752 4024 orasaces,
768 3956 797 4005 et
814 3946 951 4020 183-186
966 3943 1028 4004 Hic
1045 3944 1101 4003 tibi
1114 3945 1146 4002 de
1159 3943 1263 4003 Furiis

112 4025 218 4082 scindet
242 4025 317 4084 latus
340 4042 398 4085 una
417 4025 542 4102 flagello,
572 4026 608 4086 Vt
626 4028 735 4088 sceleris
757 4045 883 4085 numeros
906 4027 1050 4103 confiteare
1069 4027 1120 4085 tui.
1160 4024 1262 4084 Altera

114 4102 264 4165 Tartareis
284 4111 366 4166 sectos
388 4107 467 4165 dabit
485 4107 623 4184 anguibus
646 4114 734 4167 artus.
779 4106 875 4165 Tertia
885 4109 1036 4186 fumantis
1058 4108 1180 4182 incoquet
1192 4104 1263 4182 ¹igne

144 4245 160 4280 *
177 4242 317 4293 Locutiones
328 4246 352 4292 in
363 4245 427 4293 Ibide
442 4255 495 4294 sunt
511 4260 558 4293 non
570 4259 656 4305 paucae
671 4258 732 4308 quae
743 4243 893 4304 Propertium
909 4243 1003 4305 sapiant,
1016 4244 1079 4304 quod
1094 4244 1184 4291 notauit
1195 4243 1260 4291 Post·

111 4318 180 4374 gatus
191 4311 214 4358 in
226 4311 346 4372 Excesptis
357 4311 511 4372 Propertianis
522 4326 528 4358 1
545 4311 645 4359 uelocem
658 4311 764 4371 pueliam
775 4310 842 4370 Psop.
853 4311 869 4357 i.
881 4323 901 4358 1.
913 4320 952 4371 15,
963 4310 991 4357 de
1002 4311 1076 4358 tribus
1087 4325 1134 4358 una
1149 4325 1217 4359 soror
1228 4311 1261 4359 iii.

112 4386 135 4438 5.
148 4376 187 4436 28,
202 4377 335 4443 longinquis
343 4377 443 4438 piscibus
454 4377 486 4425 iii.
500 4388 522 4438 7.
531 4375 554 4435 8,
563 4377 652 4437 pondus
662 4377 746 4424 babere
756 4375 787 4422 ib.
799 4389 839 4438 44,
851 4390 945 4424 camum
958 4376 1044 4424 inerme
1055 4375 1086 4424 iv.
1098 4373 1122 4426 6.
1135 4386 1174 4437 3².

143 4442 162 4501 †
179 4441 293 4492 Martial'i
304 4442 471 4492 Ouid-Studien
482 4457 520 4502 pp.
532 4455 570 4498 11,
581 4453 619 4502 31,
631 4454 670 4501 3²·

658 4507 676 4566 d
700 4526 715 4564 2
