3082 4980
237 396 295 459 iviii
645 393 972 457 PROLEGOMENA.

241 559 308 632 287,
325 572 392 631 310,
408 571 476 630 313,
493 566 551 630 315
567 569 635 613 cum
650 551 676 612 C
691 562 720 613 et
733 551 805 614 Ask.
819 554 935 615 uidetur
952 555 1116 614 consentire
1125 573 1133 627 ;
1162 563 1239 615 certe
1253 572 1290 614 ex
1304 571 1389 615 com-

238 637 320 697 muni
341 636 421 696 fonte
441 635 642 713 profluxerunt
655 641 793 711 partacon
813 634 925 714 (Bern.)
945 634 1101 712 Spartacou
1122 636 1162 716 (C
1182 634 1276 715 Asin),
1298 655 1390 714 quem

239 719 419 780 Graecorum
434 717 632 777 accusatiuum
645 734 700 793 pro
719 718 827 776 usitato
842 715 1011 794 Spartacum
1029 718 1138 777 indicio
1151 716 1246 777 habeo
1261 719 1389 796 antiqui-

238 800 313 860 tatis.
354 798 403 858 Ad
425 816 482 874 293
504 798 650 858 consentit
670 797 728 857 iere
749 816 817 858 cum
839 798 877 871 G,
898 799 1016 876 quicum
1036 800 1123 859 etiam
1144 800 1183 859 ad
1204 816 1261 875 30¹
1285 818 1389 860 uersus

238 882 336 959 Argos
363 880 487 938 hostilem
508 878 690 959 Mnusorom'
712 881 829 939 cuidam
857 880 1000 958 adsignat
1043 880 1128 954 Quae
1155 883 1224 942 satis
1252 892 1320 941 sunt
1349 883 1389 942 ad

239 961 500 1023 demonstrandum
514 961 675 1042 Bernensia
693 961 804 1021 scholia
822 979 884 1020 non
903 963 979 1022 adeo
996 964 1103 1022 nostris
1122 964 1271 1023 dissimilia
1288 963 1388 1032 inisse.

238 1055 272 1104 ut
291 1043 415 1102 multum
435 1042 504 1102 inde
524 1060 621 1101 nouae
641 1042 714 1103 lucis
734 1042 809 1102 Ibidi
830 1043 1019 1104 adcresceret.
1057 1044 1104 1103 Ex
1124 1046 1267 1104 uniuersis
1288 1056 1389 1104 autem

239 1125 414 1202 comparatis
438 1123 554 1184 scholiis
577 1133 698 1201 apparet
721 1125 878 1201 antiquitus
900 1125 1000 1185 breuia
1027 1126 1171 1202 quaedam
1195 1128 1299 1186 tradita
1322 1145 1389 1186 esse
1467 1170 1470 1177 s

239 1225 315 1285 quae
328 1216 432 1282 postea
445 1206 530 1265 uariis
544 1205 641 1265 modis
654 1205 795 1265 inmutata
808 1217 838 1265 et
851 1217 986 1284 corrupta
999 1206 1111 1266 fuerint.

280 1288 390 1357 Nescio
413 1305 473 1364 quo
495 1286 554 1346 iato
579 1286 714 1346 acciderit
737 1297 769 1346 ut
791 1297 886 1347 cetera
907 1288 1007 1349 Ouidii
1031 1289 1160 1349 cannina
1181 1290 1277 1349 bonos
1300 1289 1390 1349 scho-

238 1369 334 1429 liastas
344 1379 430 1428 nacta
440 1368 600 1439 uideantur,
610 1369 645 1427 in
658 1386 727 1427 una
737 1368 834 1428 Ibide
848 1369 1062 1430 falsariorum
1076 1371 1230 1431 sollertia
1244 1389 1278 1430 se
1293 1389 1388 1430 exer-

239 1452 352 1511 cuerit
388 1450 475 1510 Certe
488 1468 544 1510 nec
558 1451 588 1508 in
598 1450 759 1510 Amoribus
773 1468 829 1510 nec
843 1451 874 1510 in
885 1452 955 1510 Arte
966 1451 1118 1511 Amatoria
1131 1471 1187 1513 nec
1200 1454 1231 1511 in
1240 1452 1389 1512 Tristibus

238 1535 338 1593 necin
352 1532 425 1592 libro
437 1531 718 1613 Metamorphosesin
733 1532 800 1591 ficta
814 1533 950 1610 equidem
964 1534 1219 1610 interpretamenta
1233 1552 1329 1610 neque
1341 1534 1388 1593 his

238 1631 370 1674 conexos
387 1613 471 1673 fictos
489 1631 591 1673 uersus
609 1622 759 1690 tamquam
778 1624 916 1673 notorum
934 1626 1086 1690 poetarum
1101 1615 1178 1675 Galli
1193 1615 1300 1674 Tibulli
1315 1615 1388 1673 Pro-

237 1697 320 1773 pertii
341 1706 394 1754 etc.
410 1695 538 1754 offendi:
564 1712 744 1772 quamquam
765 1697 886 1754 materia
906 1714 969 1755 non
988 1697 1093 1767 deerat,
1109 1698 1172 1756 siue
1193 1707 1312 1774 propter
1333 1698 1388 1756 ob·

238 1779 411 1849 acuitatem,
426 1777 488 1836 siue
503 1778 584 1852 quod
598 1786 697 1854 turpes
714 1776 850 1836 historiae
864 1786 970 1837 essent.
1012 1777 1061 1837 An
1075 1779 1296 1857 suppositicium
1310 1795 1388 1855 opus
1459 1847 1462 1852 ,

237 1859 304 1919 ibin
331 1858 451 1919 credidit
473 1857 621 1917 falsarius?
649 1858 769 1935 eiusque
797 1859 945 1935 opinionis
973 1860 1183 1919 documentum
1210 1861 1273 1937 ipse
1298 1858 1390 1919 salsos

237 1959 339 2000 uersus
353 1939 471 2000 scholiis
484 1939 598 1997 intulit?
625 1940 676 1998 An
695 1957 764 1999 cum
782 1940 813 1998 in
832 1941 944 2000 incerto
959 1951 1035 2000 esset
1049 1941 1235 2018 quorundam
1248 1959 1388 2000 uersuum

238 2022 328 2081 Ibidis
349 2021 511 2098 explicatio,
526 2021 693 2080 coniectura
711 2022 814 2098 aliquis
834 2031 864 2080 et
883 2023 1138 2098 interpretamenta
1160 2041 1213 2082 sua
1231 2034 1260 2082 ct
1280 2023 1389 2082 homm

237 2113 326 2162 testes
339 2120 441 2162 uersus
461 2101 564 2160 finxit?
592 2112 656 2161 utut
675 2120 706 2162 se
725 2121 772 2162 res
786 2103 882 2173 habet,
896 2103 991 2163 tricies
1009 2113 1052 2164 ter
1065 2105 1199 2182 leguntur
1218 2105 1248 2162 in
1267 2104 1389 2163 scholiis

236 2183 403 2243 huiusmodi
417 2184 475 2242 ficti
490 2182 611 2258 elegiaci
625 2183 849 2261 hexametrique.

276 2265 406 2342 Elegiaci
421 2273 487 2323 sunt
500 2264 539 2336 hi,

318 2348 467 2423 Propertii
478 2355 548 2406 octo
564 2359 631 2424 257,
647 2344 705 2405 duo
722 2359 789 2422 297,
805 2344 866 2426 (ubi
881 2346 1006 2407 Plautus
1025 2349 1127 2409 dicitur
1141 2349 1170 2408 in
1186 2348 1226 2431 G)
1241 2351 1301 2413 duo
1317 2357 1390 2427 461,

359 2429 419 2487 duo
434 2429 502 2502 463.

317 2508 404 2569 Batti
413 2510 473 2568 duo
489 2527 556 2584 299.

321 2591 407 2651 Galli
422 2601 557 2667 quattuor
578 2592 645 2667 285,
665 2589 724 2650 duo
742 2594 809 2668 287,
826 2591 887 2652 duo
905 2606 974 2668 325,
994 2595 1055 2653 duo
1074 2608 1141 2669 327,
1160 2596 1220 2656 duo
1236 2612 1306 2673 352,
1326 2598 1390 2660 duo

360 2677 429 2748 364,
444 2673 503 2731 duo
519 2675 588 2745 465.

322 2754 433 2814 Tibulli
443 2764 512 2814 octo
527 2767 585 2830 3ο7
601 2751 701 2833 (Gallo
714 2755 762 2815 alii
776 2754 952 2834 adsignant).

318 2837 450 2895 Lucretii
461 2845 529 2894 octo
545 2855 613 2912 419.

326 2918 463 2976 Varronis
477 2916 639 2997 (Maronis)
654 2917 714 2977 duo
728 2933 796 2995 317,
812 2919 871 2979 duo
887 2938 954 2996 319,
971 2920 1029 2979 duo
1045 2939 1112 2996 321.
1152 2945 1163 2965 i

321 2999 493 3059 Callimachi
504 2999 563 3058 duo
579 3016 647 3075 325.
754 3033 763 3052 ·

321 3081 484 3141 Callistonis
497 3078 556 3157 (alii
570 3082 747 3157 Promptium
761 3083 824 3142 siue
841 3082 998 3142 Calmotlun
1013 3084 1123 3165 dicunt)
1138 3095 1206 3145 octo
1225 3100 1291 3163 273.

317 3163 476 3222 Democriti
487 3161 684 3244 (Democritius)
699 3164 758 3223 duo
774 3183 842 3239 293.
1336 3170 1337 3174 ’

317 3246 442 3304 Homeri
454 3243 653 3324 (Menosrom's)
668 3245 728 3303 duo
744 3265 812 3320 30¹·

317 3327 437 3386 Ariom's
449 3327 509 3385 duo
525 3344 592 3400 3¹0·

317 3409 445 3483 Luperci
456 3407 515 3466 duo
529 3425 596 3481 312,
608 3406 667 3466 duo
679 3426 737 3481 314
750 3407 868 3483 (Neodi
882 3418 1023 3470 atestante
1032 3409 1120 3469 Bern.
1133 3424 1200 3486 711,
1209 3413 1237 3473 h.
1246 3433 1270 3473 e.
1280 3415 1392 3478 eodem

358 3489 494 3565 Luperco
510 3489 556 3547 cui
570 3489 667 3566 priora
680 3489 726 3548 illa
747 3491 783 3548 Vt
794 3510 855 3549 nrm
869 3493 994 3570 defuncto
1006 3492 1216 3574 adsignantur).

317 3570 471 3629 Fauorani
481 3567 630 3648 (Fauorini
638 3568 662 3648 i)
677 3570 737 3629 duo
753 3591 821 3648 329.

316 3650 411 3709 Darii
421 3649 525 3731 (Clari
536 3649 629 3723 Mure,
644 3670 682 3710 an
700 3651 904 3734 Callimaclsii)
919 3653 978 3713 duo
993 3674 1061 3732 331,
1076 3655 1136 3716 duo
1151 3674 1221 3733 335.

277 3732 449 3792 Hexametri
464 3741 538 3804 sunt,

320 3814 493 3875 Callimachi
510 3823 647 3890 quattuor
667 3830 735 3893 279,
756 3828 891 3894 quattuor
913 3832 970 3895 295
992 3818 1043 3878 ubi
1065 3819 1168 3880 dicitur
1187 3822 1301 3883 Crinius
1323 3825 1351 3885 h.
1363 3846 1394 3888 e.·

356 3895 532 3973 Cyrenaeus.

316 3977 465 4054 Eupolidis
479 3978 539 4036 duo
554 3990 622 4053 255.

213 4095 218 4100 -
315 4061 439 4118 Homeri
450 4058 652 4141 (dionosromi)
667 4077 726 4139 305
741 4062 811 4123 duo.

319 4141 405 4203 Galli
414 4141 474 4200 duo
490 4160 559 4218 323.

316 4225 424 4283 Incerti
435 4224 494 4283 duo
512 4227 579 4301 269.

276 4307 317 4365 Hi
327 4323 428 4366 uersus
439 4323 499 4364 non
508 4323 624 4384 semper
633 4307 712 4367 ialsis
721 4306 845 4368 historiis
854 4308 1046 4382 adstruuntur,
1057 4311 1109 4371 sed
1118 4312 1289 4392 plerumque
1299 4317 1390 4380 ueris.

236 4389 315 4447 Nam
335 4406 403 4446 cum
424 4388 520 4447 tricies
541 4398 585 4448 ter
603 4389 681 4449 inlati
704 4390 768 4461 sint,
784 4391 913 4450 sedecies
934 4400 1046 4451 tantum
1065 4393 1202 4454 salsarum
1223 4396 1392 4462 fabularum

235 4470 482 4549 complementum
497 4482 564 4531 sunt
580 4485 647 4545 255,
661 4473 728 4545 285,
742 4476 809 4549 287,
823 4492 889 4548 293,
904 4487 971 4548 295,
989 4487 1056 4549 297,
1072 4490 1140 4551 327,
1157 4495 1221 4553 323,
1235 4493 1303 4554 325,
1316 4480 1390 4558 327,
