3038 4988
269 377 326 431 156
679 369 1028 432 COMMENTARIVS.

265 529 378 597 direpta
386 530 442 597 per
452 531 541 580 artus.
575 525 697 581 Nicand.
709 526 753 580 Al.
765 541 816 593 302
830 523 958 594 Μαρσύου
969 522 1016 596 ᾗχί
1027 547 1055 580 τε
1067 528 1164 589 Φοῖβος
1176 525 1227 580 ἀπὸ
1240 528 1316 597 φλόα
1328 525 1420 581 δύαατο

266 601 353 668 γυίων.
469 601 538 651 552.
558 600 649 651 eidus
669 600 800 652 nomina
821 600 960 666 Marsyas.
999 599 1074 667 Hyg.
1092 598 1139 666 165
1163 598 1243 667 Quas
1265 599 1420 666 (Mineruae

266 669 392 722 abiectas
415 667 510 735 tibias)
530 670 666 738 Marsyas
690 669 798 738 Oeagri
807 669 893 738 filins
913 685 988 721 unus
1007 685 1022 721 e
1041 669 1156 738 Satyris
1176 670 1296 723 inuenit.
1327 670 1421 739 quibus

266 741 377 793 assidue
396 740 610 792 commeletando
629 755 729 791 sonum
748 741 909 792 suaniorem
927 741 958 791 in
977 740 1036 792 dies
1044 739 1178 808 saci‘ebat,
1197 741 1267 793 adea
1285 745 1320 793 ut
1337 740 1420 809 Apol·

266 811 353 864 linem
365 810 406 863 ad
414 809 539 863 citharae
557 816 671 863 cantum
689 811 721 862 in
739 814 877 862 certamen
891 813 1068 877 prouocaret.
1105 826 1160 878 quo
1173 815 1207 862 nt
1218 811 1327 880 Apollo
1340 812 1420 877 uenit,

265 882 370 934 Musas
388 881 492 944 iudices
509 884 709 949 sumpserunt:
727 885 832 933 etcum
849 881 908 932 iam
921 881 1057 949 Marsyas
1074 880 1140 933 inde
1158 882 1254 934 uictor
1269 882 1421 948 discederet,

266 951 294 1004 A
294 952 373 1020 pollo
385 951 525 1004 citharam
539 951 675 1017 uersabat,
688 950 815 1019 idemque
826 967 912 1002 sonus
923 957 1004 1014 erat,·
1021 950 1098 1019 quod
1107 951 1230 1020 Marsya
1242 953 1323 1005 tibiis
1330 953 1422 1021 facere

266 1038 322 1074 non
333 1023 435 1090 potuit.
455 1023 550 1090 itaque
561 1022 589 1074 A
588 1021 667 1090 pollo
680 1023 786 1074 uictum
800 1021 940 1090 Marsyan
953 1022 994 1074 ad
1003 1021 1128 1074 arborem
1140 1022 1297 1091 religatum
1308 1023 1422 1091 Scythae

213 1156 218 1163 ι
265 1092 394 1158 tradidit,
423 1093 475 1160 qui
502 1109 565 1144 enin
596 1091 772 1144 membratim
801 1093 955 1160 separauit.
986 1093 1127 1160 reliquum
1152 1095 1256 1161 corpus
1286 1094 1421 1163 discipulo

269 1163 388 1232 Olympo
399 1163 561 1230 sepulturae
572 1162 707 1215 tradidit:
724 1179 739 1214 e
750 1163 831 1214 cuius
841 1164 981 1232 sanguine
987 1163 1101 1232 flumen
1113 1163 1236 1231 Marsya
1248 1169 1290 1216 est
1301 1165 1421 1234 appella·

266 1239 336 1286 tum.
375 1234 415 1284 Μ.
435 1231 470 1285 vi.
486 1247 540 1298 400
555 1233 677 1302 Marsya
698 1249 797 1285 nomen
818 1231 906 1300 habet,
928 1232 1072 1303 Phrygiae
1093 1233 1304 1302 liquidissimus
1324 1237 1421 1300 amnis,

267 1319 353 1371 quem
365 1302 459 1355 locum
472 1303 564 1356 attulit
579 1302 733 1367 Mauricius
748 1303 877 1357 Schmidt
890 1303 927 1356 ad
942 1305 1016 1372 Hyg.
1034 1303 1090 1371 165.
1182 1307 1252 1358 553.
1273 1307 1421 1359 Saxificae

267 1376 425 1427 Medusae.
465 1375 505 1426 M.
519 1392 544 1427 v.
559 1373 610 1426 216
627 1375 728 1441 Vincis,
748 1375 798 1440 ait,
813 1374 938 1437 Perseu,·
958 1390 1069 1426 remoue
1086 1378 1138 1426 tua
1156 1381 1294 1442 monstra,
1308 1382 1422 1445 tuaeque

267 1443 435 1497 Saxificos
448 1442 568 1511 uultus,
581 1460 760 1513 quaecunque
771 1461 811 1511 ea,
825 1445 891 1498 tolle
905 1444 1076 1498 Medusae.
1149 1448 1220 1498 554.
1241 1449 1421 1511 Cephenum

267 1514 449 1583 Aethiopum.
486 1516 599 1568 Tzetzes
619 1515 656 1567 ad
679 1515 746 1582 Lyc.
766 1515 818 1582 834
840 1514 923 1568 docet
942 1532 959 1568 a
981 1515 1072 1568 stultis
1097 1514 1201 1584 (μωροὶ)
1223 1517 1420 1570 tantummodo

269 1584 412 1654 Cephenas
419 1584 576 1654 Aethiopas
585 1585 650 1639 dici.
670 1585 728 1639 Sed
737 1584 793 1638 iam
803 1584 975 1654 Deiniasap.
986 1586 1164 1654 Phot.p.443
1174 1587 1420 1641 Bekkernarrarat

266 1656 296 1720 ἐξ
306 1652 423 1724 ’Ἄργους
435 1655 471 1709 εἷς
483 1655 625 1720 Αἰθιοπίαν,
638 1656 781 1709 ἐκαλεῖτο
794 1656 826 1707 δὲ
839 1658 908 1708 τότε
922 1657 1070 1722 Κηφηνὶο,
1083 1660 1281 1727 πορογεγονότα
1293 1658 1338 1711 ἐπὶ
1350 1657 1420 1711 λύσει

267 1729 312 1793 τῆς
325 1724 434 1792 Κηφέως
453 1725 579 1795 θυγατρὸς
597 1728 642 1778 τὸν
655 1726 776 1795 Περσέος
796 1726 957 1780 Alexander
970 1726 1130 1794 Polyhistor
1142 1744 1187 1796 ap.
1202 1728 1302 1797 Steph.
1318 1730 1351 1782 B.
1366 1746 1387 1782 s.
1397 1746 1419 1782 u

267 1795 350 1863 Λιβύη
363 1796 438 1849 inter
450 1796 556 1864 Libyae
569 1796 685 1850 nomina
697 1797 829 1850 retulerat
843 1797 992 1865 quqvlav:
1013 1807 1042 1851 ut
1055 1813 1112 1850 non
1126 1797 1187 1850 sine
1201 1814 1289 1852 causa
1304 1799 1420 1852 Ouidius

268 1869 339 1922 Met.
352 1867 388 1921 iv.
402 1867 462 1935 763,
475 1886 501 1920 v.
516 1880 548 1935 97
564 1868 714 1936 Cephenas
733 1866 840 1921 uocarit
860 1884 908 1920 eos
923 1867 1072 1937 dequibus
1090 1877 1156 1921 ante
1175 1867 1222 1936 (iv.
1235 1867 1301 1937 668)
1316 1869 1419 1923 dixerat

265 1938 438 2008 Aethiopum
447 1939 569 2007 populos
578 1937 738 2007 Cepheaque
749 1939 885 2007 conspicit
896 1955 978 1992 arua.
1011 1938 1138 1992 Historia
1148 1948 1223 1992 extat
1234 1956 1278 2008 ap.
1290 1940 1419 2008 Apollod.

266 2008 292 2061 ii.
307 2023 331 2074 4.
346 2023 370 2075 3,
387 2011 455 2061 Met.
468 2027 494 2062 v.
511 2024 520 2061 1
537 2025 597 2078 sqq.
637 2010 712 2077 Hyg.
725 2008 760 2074 64
774 2009 904 2078 Cassiope
911 2009 995 2078 filiae
1012 2025 1079 2061 suae
1090 2008 1290 2063 Andromedae
1292 2012 1419 2080 formam

190 2090 192 2094 ⁴
265 2080 433 2132 Nereidibus
457 2081 624 2148 anteposuit.
661 2080 693 2132 ob
721 2080 755 2132 id
778 2080 930 2148 Neptunus
955 2080 1155 2148 expostulauit,
1180 2085 1214 2133 ut
1238 2081 1420 2134 Andromeda

267 2149 370 2218 Cephei
381 2151 450 2218 filia
471 2156 527 2202 ceto
548 2150 705 2203 obiceretur.
743 2167 898 2218 quaecum
923 2156 991 2202 esset
1014 2150 1116 2203 obiecta
1140 2151 1260 2203 Perseus
1280 2152 1422 2205 Mercurii

264 2220 405 2272 talaribus
417 2220 518 2272 uolans
529 2237 559 2272 eo
571 2221 679 2273 dicitur
690 2223 797 2273 uenisse
808 2227 836 2272 et
847 2238 908 2273 eam
920 2221 1049 2274 liberasse
1061 2239 1079 2273 a
1086 2222 1223 2291 periculo.
1260 2239 1348 2290 quarn
1361 2239 1418 2276 cum

265 2291 397 2344 abducere
414 2291 504 2357 uellet,
519 2290 642 2359 Cepheus
655 2295 743 2360 pater
758 2308 820 2344 curn
833 2290 971 2360 Agenore,
990 2293 1072 2344 cuius
1088 2295 1191 2360 sponsa
1200 2291 1275 2362 suit,
1288 2294 1418 2346 Perseum

265 2362 337 2414 clam
356 2362 510 2430 interficere
528 2363 686 2414 uoluerunt.
724 2362 773 2414 ille
791 2365 904 2431 cognita
923 2379 954 2414 re
972 2365 1059 2431 caput
1077 2362 1217 2432 Gorgonis
1234 2363 1276 2415 eis
1294 2365 1417 2431 ostendit,

263 2448 411 2498 omnesque
423 2431 457 2483 ab
469 2430 596 2484 humana
607 2434 695 2501 specie
706 2438 774 2485 sunt
785 2433 937 2498 informati
947 2434 978 2485 in
991 2449 1100 2486 sarum.
1127 2436 1252 2487 multos.
1282 2435 1323 2487 M.
1334 2453 1359 2487 v.
1371 2445 1416 2499 207

265 2503 392 2555 Nomina
416 2502 502 2571 longa
523 2519 603 2555 mora
622 2509 663 2556 est
681 2503 773 2556 media
792 2503 827 2557 de
841 2503 921 2573 plebe
940 2504 1071 2556 uirorum
1092 2503 1200 2557 Dicere.
1235 2505 1291 2557 Bis
1311 2510 1416 2558 centum

264 2573 407 2626 restabant
424 2576 542 2641 corpora
554 2576 679 2643 pugnae.
712 2574 839 2644 Gorgone
857 2575 898 2626 bis
914 2579 1025 2627 centum
1042 2575 1196 2644 riguerunt
1211 2578 1331 2643 corpora
1350 2576 1417 2627 uisa.

265 2646 336 2696 555.
354 2645 552 2696 Potniadum.
588 2643 705 2697 Potniae
718 2644 784 2697 urbs
799 2643 942 2698 Boeotiae.
978 2644 1086 2697 Probus
1103 2644 1141 2697 ad
1158 2645 1242 2713 Verg.
1259 2646 1293 2699 G.
1308 2644 1346 2699 iii.
1360 2645 1416 2710 267,

265 2731 291 2782 p.
306 2713 339 2779 67
355 2713 420 2767 Keil
433 2714 538 2767 Potnia
551 2715 618 2768 urbs
629 2721 670 2768 cst
681 2716 812 2768 Boeotiae
824 2715 873 2768 ubi
885 2716 1011 2769 Glaucus
1022 2715 1142 2784 Sisyphi
1144 2716 1230 2784 filius
1241 2721 1270 2768 et
1280 2716 1416 2785 Meropes,

264 2790 299 2839 ut
316 2784 496 2854 Asclepiades
514 2784 543 2836 in
561 2785 782 2857 Τραγῳδουμένων
800 2786 871 2839 libro
888 2787 986 2855 primo
1004 2786 1053 2851 ait,
1070 2784 1171 2838 habuit
1181 2802 1275 2854 equas,
1288 2803 1360 2854 quas
1372 2786 1416 2839 ad·

263 2861 395 2907 sueuerat
414 2854 541 2908 humana
558 2873 641 2909 carne
660 2856 742 2924 alere,
761 2873 816 2925 quo
833 2857 965 2925 cupidius
982 2857 1013 2909 in
1031 2855 1136 2909 hostem
1153 2857 1298 2909 irruerent
1314 2862 1343 2910 et
1354 2861 1415 2926 per-

264 2927 404 2979 niciosius.
432 2927 525 2995 ipsum
538 2933 639 2994 autem,
658 2944 721 2980 cnm
740 2928 876 2979 alimenta
893 2927 1059 2993 defecissent,
1077 2927 1290 2980 denorauerunt
1300 2929 1332 2980 in
1344 2928 1416 2980 ludis

254 2997 427 3067 funebribus
445 2997 548 3051 Peliae.
585 2996 640 3050 Alii
663 2997 744 3051 aliter
764 3014 824 3051 rem
844 3006 959 3050 narrant
979 2998 1053 3065 Hyg.
1073 3008 1133 3064 250,
1147 3009 1207 3064 273,
1228 2998 1306 3051 Seru.
1327 2998 1364 3052 ad
1384 2999 1414 3051 G.

264 3066 303 3120 iii.
323 3067 382 3135 267,
407 3067 560 3136 Philargyr.
582 3067 659 3135 ibid,
680 3068 773 3122 Schol.
793 3069 860 3122 Eur.
881 3069 973 3122 Orest.
996 3082 1070 3134 1124,
1091 3067 1247 3121 Pausanias
1266 3067 1302 3122 vi.
1322 3083 1365 3122 20.
1386 3082 1415 3136 19

263 3137 312 3192 ubi
334 3138 498 3208 Ταράξιππος
519 3138 689 3192 nominatur.
725 3137 860 3192 Aelianus
881 3139 919 3192 H.
937 3139 972 3192 A.
990 3157 1033 3191 xv.
1047 3150 1080 3207 25
1100 3138 1185 3191 tradit
1205 3139 1314 3192 sontem
1333 3138 1414 3193 fuisse

266 3208 373 3263 Potniis
395 3226 479 3279 quem
500 3208 630 3262 bibentes
652 3208 716 3279 equi
738 3208 902 3262 insanirent.
986 3212 1055 3262 556.
1075 3211 1215 3262 Glaucus
1234 3214 1271 3262 ut
1293 3210 1414 3278 altouci

265 3277 426 3346 Ἀνθηδόνιος
444 3279 563 3347 dictoris
583 3280 696 3347 (Athen.
716 3278 788 3347 679).
827 3281 873 3332 De
895 3296 929 3333 eo
949 3279 1086 3349 quidquid
1108 3289 1219 3333 ueteres
1242 3279 1413 3334 tradiderant

264 3350 376 3418 collegit
390 3351 554 3404 Athenaeus
568 3351 628 3418 296,
641 3363 700 3419 297.
739 3351 821 3403 Paus.
836 3349 869 3403 ix
884 3365 926 3404 22.
940 3362 956 3415 7
969 3348 1071 3403 Τούτων
1083 3350 1111 3402 τὲ
1125 3348 1155 3416 δὴ
1167 3350 1226 3403 ἔστι
1239 3353 1271 3418 τῇ
1284 3349 1414 3418 Ἀνθηδόνι

263 3421 389 3488 μνήματα,
409 3423 450 3474 καὶ
471 3420 512 3474 ἐπὶ
535 3424 564 3488 τῇ
587 3420 710 3486 θαλάσσῃ
735 3419 890 3485 καλούμενον
911 3419 1028 3473 Γλαύκου
1051 3419 1163 3487 πήδημα.
1199 3417 1263 3473 εἶναι
1289 3421 1317 3473 δὲ
1341 3421 1415 3475 αὐτὸν

263 3491 345 3558 ἁλιέα,
365 3491 405 3543 καὶ
424 3490 480 3544 ἐπεὶ
497 3493 542 3558 τῆς
559 3493 623 3544 πόας
642 3492 771 3558 (herbam
784 3490 852 3545 dicit
871 3490 949 3545 cuius
968 3501 1051 3558 gustu
1064 3490 1306 3545 immortalitatem
1320 3509 1413 3546 conse·

262 3570 345 3613 cutus
364 3570 407 3614 est
426 3562 559 3629 Glaucus,
578 3563 611 3615 cf.
631 3563 733 3617 Aesch.
751 3562 782 3616 fr.
802 3562 902 3616 Glauci
915 3575 948 3628 27
968 3562 1078 3629 Nauck,
1096 3563 1198 3615 Athen.
1213 3562 1275 3630 679,
1289 3562 1412 3632 Apostol

263 3649 289 3685 v.
306 3645 349 3698 49,
369 3629 453 3685 Ouid.
474 3633 513 3684 M.
532 3631 587 3685 xiii.
606 3645 666 3700 905,
684 3649 754 3702 sqq,
773 3632 888 3687 Lobeck
906 3633 969 3701 Agl.
988 3649 1015 3701 p.
1035 3633 1095 3699 866,
1116 3631 1250 3686 Meineke
1269 3634 1352 3687 Anal.
1372 3634 1413 3687 Al.

263 3718 290 3770 p.
314 3701 377 3769 238)
397 3702 488 3772 ἔφαγε,
514 3702 621 3770 δαίμονα
642 3704 669 3755 ἐν
690 3704 813 3769 θαλάσσῃ
835 3703 956 3773 γενέσθαι
978 3703 1018 3756 καὶ
1040 3702 1183 3773 ἀνθρώποις
1202 3705 1235 3755 τὰ
1256 3703 1370 3770 ἐσόμενα
1390 3704 1415 3758 s's

261 3771 323 3825 τόδε
335 3771 473 3842 προλέγειν
485 3769 511 3824 οἵ
521 3793 549 3825 τε
562 3773 638 3825 ἄλλοι
650 3774 732 3826 πιστὰ
745 3773 857 3843 ἥγηνται,
871 3775 910 3826 καὶ
924 3775 947 3826 ol
959 3774 1005 3841 rip
1017 3773 1156 3827 θάλασσαν
1167 3773 1291 3828 πλέοντες
1303 3776 1414 3827 πλεῖστα

262 3842 403 3909 ἀνθρώπων
427 3841 454 3896 ἐς
477 3843 523 3909 τὴν
547 3841 663 3896 Γλαύκου
686 3845 807 3912 μαντικὴν
831 3845 894 3897 κατὰ
918 3843 975 3898 ἔτος
998 3844 1108 3898 ἕκαστον
1131 3842 1251 3912 λέγουσι.
1299 3844 1414 3914 Scripsit

261 3913 438 3982 tragoediam
456 3913 491 3967 de
511 3915 565 3967 hoc
588 3915 697 3969 Glauco
718 3915 883 3983 Aeschylus,
906 3916 1027 3983 hymnos
1050 3916 1196 3968 Euanthes
1218 3925 1246 3968 et
1268 3915 1413 3982 Pindarus,

259 4002 331 4054 epos
352 3984 513 4039 Alexander
531 3986 657 4053 Aetolus,
678 3985 756 4039 cuius
775 3987 873 4054 fragm.
896 3995 972 4041 extat
994 4002 1037 4054 ap.
1061 3986 1164 4038 Athen.
1187 3985 1247 4053 296.
1347 3989 1412 4040 557.

260 4053 391 4110 nomen.
423 4057 531 4109 Glauco
545 4056 651 4109 Minois
669 4056 733 4124 filio,
747 4056 794 4126 qui
814 4056 907 4110 infans
926 4055 1018 4110 adhuc
1032 4056 1099 4109 dum
1110 4072 1226 4109 ¹murem
1239 4056 1414 4126 persequitur

262 4127 406 4196 (Apollod.
420 4125 456 4180 iii.
471 4142 495 4195 3.
514 4128 538 4195 1)
556 4129 601 4181 uel
619 4127 677 4196 pila
695 4127 765 4181 ludit
785 4126 950 4196 (Hyg.136)
970 4126 998 4179 in
1017 4126 1125 4180 dolium
1144 4126 1235 4180 mellis
1255 4126 1366 4194 cecidit,
1386 4135 1412 4180 et

261 4197 302 4251 sic
316 4198 469 4252 exstinctus
483 4208 535 4254 est.
573 4200 659 4252 Hunc
679 4197 812 4266 Polyidus
832 4207 920 4264 uateS,
940 4207 1124 4251 monumento
1144 4213 1208 4251 cum
1227 4213 1262 4251 eo
1281 4197 1411 4265 inclusus,

261 4284 326 4321 cum
350 4269 475 4322 occisum
497 4286 619 4338 anguem
642 4279 806 4323 reuocatum
825 4269 861 4322 ad
882 4269 970 4323 uitam
992 4269 1028 4322 ab
1051 4268 1107 4322 alio
1126 4268 1245 4322 herbam
1269 4268 1412 4322 adferente

216 4351 219 4355 ’
261 4338 387 4407 uidisset,
410 4340 512 4393 eadem
534 4357 601 4393 usus
622 4340 712 4393 herba
733 4339 902 4394 reuiuiscere
923 4338 999 4393 fecit.
1037 4338 1210 4392 Claudianus
1231 4340 1262 4392 B.
1285 4340 1349 4392 Get.
1361 4352 1411 4404 443

261 4408 403 4478 Cretaque,
416 4412 445 4462 si
454 4427 546 4463 aaran
556 4417 698 4464 narratur
699 4411 812 4480 fabula,
826 4411 901 4464 uidit
912 4412 1046 4463 Minoum
1061 4414 1146 4479 rupto
1159 4413 1284 4480 puerum
1296 4409 1412 4479 prodire

257 4481 392 4549 sepulcro,
408 4481 495 4549 Quem
507 4483 602 4535 senior
612 4487 691 4535 uates
703 4483 802 4535 auium
818 4482 950 4552 clangore
963 4485 1104 4551 repertum
1122 4482 1258 4535 Gramine
1269 4480 1413 4544 restituit,·
