3082 4980
256 400 287 466 n
670 398 995 480 nuotxoonnnn.

221 621 225 627 .
255 583 351 641 genas.
394 563 440 622 Ex
456 562 538 622 Ibide
552 562 639 622 etiam
653 560 741 620 credo
760 561 919 636 sumpsisse
933 558 1069 619 Boetium
1086 577 1210 636 eaquae
1224 559 1360 634 leguntur
1376 558 1415 617 de

262 646 351 706 Cons.
383 644 550 721 Philosoph.
578 644 605 703 ii.
632 645 649 701 6
680 641 752 702 Cum
780 642 897 700 liberum
924 643 1057 718 quendam
1085 643 1180 699 uirum
1209 641 1358 715 suppliciis
1386 658 1415 698 se

260 733 398 801 tyrannus
420 728 585 785 adacturum
601 731 715 801 putaret
726 731 759 781 ut
769 725 905 781 aduersus
918 743 945 781 se
954 726 1056 802 factae
1079 723 1278 781 coniurationis
1291 724 1415 779 conscios

254 810 391 885 proderet,
404 810 530 886 linguam
545 807 592 864 ille
608 807 753 865 momordit
768 812 848 880 atque
861 805 985 875 abscidit,
999 812 1025 862 et
1043 807 1073 862 in
1087 823 1116 862 os
1130 806 1248 878 tyranni
1262 804 1416 861 saeuientes

262 890 379 949 aboleri.
396 933 402 947 .
419 933 425 948 .
442 889 625 948 ,Busiridem
646 889 806 962 meepeneus,
827 905 925 944 necare
944 887 1062 961 hospites
1088 887 1205 956 soletum,
1226 884 1263 942 ab
1286 884 1417 941 Hercule

260 973 363 1047 hospite
377 972 476 1050 fuisse
503 966 659 1028 mactatum.
699 967 830 1044 Regulus
855 969 954 1043 plures
981 968 1139 1028 Poenorum
1169 967 1235 1025 hello
1261 971 1355 1041 captos
1384 966 1416 1022 in

261 1053 377 1111 uincula
390 1053 544 1122 coniecerat,
559 1052 608 1109 sed
619 1069 687 1110 mox
701 1053 759 1125 ipse
777 1052 910 1107 uictorum
927 1052 1029 1108 catenis
1042 1069 1142 1107 manus
1151 1047 1288 1124 praebuit.
1333 1045 1416 1105 Nam

261 1153 324 1194 non
351 1135 446 1192 solum
470 1131 661 1192 Anaxarchus
684 1131 793 1190 Busiris
816 1130 947 1206 Regulus
971 1149 1046 1209 quos
1070 1131 1117 1188 hic
1145 1139 1359 1189 commemorat
1384 1128 1416 1185 in

263 1215 347 1274 Ibide
367 1216 466 1274 locum
487 1214 595 1272 habent
609 1211 690 1292 (571,
707 1232 774 1289 399,
792 1212 862 1290 281)
879 1213 932 1273 sed
949 1213 979 1270 in
997 1212 1161 1283 una-Ibide,
1176 1220 1320 1286 quantum
1340 1211 1416 1280 scin,

264 1314 333 1356 cum
351 1296 483 1356 Busiride
498 1276 630 1372 Regulus
651 1295 864 1370 inexemplum
882 1295 1050 1353 adsumitur.
1093 1292 1184 1365 Quod
1201 1310 1263 1351 nou
1282 1293 1362 1350 cadit
1383 1293 1417 1349 iu

264 1377 481 1449 Claudianum
516 1378 566 1454 qui
594 1377 618 1435 si
645 1376 675 1433 in
701 1375 768 1434 Ruf.
792 1377 810 1434 i.
837 1389 894 1450 252
922 1395 986 1452 sqq.
1016 1374 1100 1434 Sinin
1127 1374 1248 1432 Scirona
1275 1373 1417 1432 Phalarin

262 1459 439 1518 Diomedem
454 1458 569 1517 Busirin
586 1458 743 1528 coniunxit,
758 1458 789 1514 in
802 1457 923 1533 Eutrop.
938 1458 955 1515 i.
975 1461 1032 1515 160
1046 1475 1109 1533 sqq.
1124 1455 1281 1515 Thrasium
1296 1454 1419 1513 Busirin

262 1541 396 1601 Perillam
417 1540 558 1613 Phalarin,
579 1539 673 1615 potuit
692 1540 748 1597 hos
770 1539 889 1615 quidem
911 1540 941 1597 in
962 1538 1045 1597 Ibide
1069 1555 1173 1596 omnes
1192 1536 1297 1612 legere,
1320 1537 1419 1612 potuit

262 1623 350 1682 etiam
364 1623 395 1680 in
409 1622 552 1681 Tristibus
566 1621 612 1679 uel
626 1621 696 1678 Arte
710 1620 868 1679 Amatoria.

304 1704 451 1764 Aiucinari
466 1704 587 1763 fortasse
601 1701 731 1774 uidebor,
746 1701 799 1760 sed
817 1712 918 1761 tamen
936 1720 998 1760 non
1016 1702 1148 1762 omittam
1165 1701 1264 1759 locum
1278 1699 1420 1775 Procopii

263 1803 324 1863 quo
353 1785 515 1845 Ouidianae
542 1783 635 1842 Ibidis
660 1783 802 1842 recordari
830 1785 932 1859 potuit.
975 1783 1054 1842 Nam
1082 1783 1119 1842 de
1148 1781 1317 1851 Theodat0,
1346 1799 1420 1856 rege

263 1867 440 1937 Gothorum,
466 1885 554 1944 quem
582 1865 716 1940 deposito
741 1882 833 1941 regno
856 1864 1015 1941 fugientem
1043 1865 1176 1923 immicus
1200 1863 1317 1933 occidit,
1342 1863 1421 1921 haec

264 1959 360 2008 narrat
374 1948 411 2009 de
425 1949 491 2006 bell.
507 1947 597 2007 Goth.
611 1948 629 2005 i.
647 1965 679 2003 11
699 1950 747 2003 Καὶ
767 1949 844 2003 αὐτὸν
862 1948 889 2002 ἐν
905 1951 957 2022 ὁδῷ
975 1951 1013 2003 ἔτι
1029 1952 1198 2021 πορευόμενον
1215 1948 1419 2017 καταλαμβάνει·

264 2034 291 2090 e’s
307 2033 404 2104 ἕδαφός
417 2054 446 2085 τε
460 2029 550 2086 ὕπτιον
564 2030 713 2087 κατακλίνας
727 2031 829 2100 ὥσπερ
847 2033 958 2100 ἱερεῖόν
974 2053 1003 2085 τι
1023 2030 1140 2085 ἔθυσεν.
1169 2027 1232 2097 αὕτη
1249 2050 1278 2082 τε
1293 2028 1421 2101 θεοδάτῳ

264 2113 432 2184 καταστροφὴ
446 2116 493 2166 τοῦ
505 2135 534 2166 τε
547 2112 607 2177 βίον
621 2112 718 2181 καὶτῆς
732 2111 865 2184 ἡγεμονίας
880 2111 966 2183 τρίτον
980 2110 1092 2184 ἐχούσης
1105 2113 1161 2168 ἔτος
1175 2109 1285 2182 ἐγένετο.
1329 2106 1421 2179 Quae

264 2209 335 2252 saue
349 2210 417 2251 cum
432 2191 583 2250 Ouidianis
598 2190 651 2249 illis
961 2212 963 2217 ’

428 2272 555 2331 Victima
576 2271 622 2330 uel
643 2271 765 2331 Phoebo
787 2292 883 2333 sacras
904 2275 1038 2333 macteris
1059 2272 1096 2332 ad
1117 2291 1189 2343 aras,

470 2353 569 2425 Quam
590 2353 652 2412 tulit
673 2372 691 2412 a
711 2372 800 2413 saeuo
822 2354 996 2415 Theudotus
1016 2354 1100 2414 hoste
1122 2372 1233 2413 necem.

266 2436 367 2496 nescio
395 2435 465 2512 quid
492 2434 600 2493 habent
628 2436 844 2512 congruentiae,
871 2437 911 2496 ita
943 2448 1042 2496 tamen
1069 2446 1101 2495 ut
1130 2436 1221 2494 Ibidis
1249 2452 1353 2493 uersus
1383 2434 1422 2494 de

267 2518 425 2578 Theodato
443 2516 492 2575 illo
511 2516 596 2575 scribi
614 2534 676 2574 non
696 2518 850 2593 potuerint.
892 2518 957 2577 Nec
975 2536 1154 2594 quemquam
1171 2517 1261 2592 lugiet
1279 2516 1331 2593 qui
1351 2516 1421 2573 Ibin

267 2601 344 2658 norit
357 2597 472 2675 quoties
487 2596 652 2656 Gothorum
667 2599 819 2659 annalibus
831 2599 888 2659 hae
901 2600 1036 2660 historiae
1049 2607 1306 2675 repraesententur.
1340 2597 1422 2656 Vide

268 2700 316 2740 me
330 2679 368 2739 ad
382 2680 425 2738 Ib.
442 2682 509 2754 ⁶34·
552 2678 621 2751 Quo
640 2679 737 2754 potius
755 2691 896 2756 tempore,
915 2699 977 2741 non
992 2680 1118 2758 leiani,
1138 2678 1219 2757 quod
1239 2678 1357 2737 uidetur
1376 2681 1421 2737 in-

267 2780 356 2821 nuere
366 2760 516 2820 Desselius
530 2760 567 2819 ad
578 2779 694 2819 uersum
709 2762 795 2818 istum
809 2761 935 2839 Quodque
937 2765 1045 2842 serunt
1051 2762 1174 2820 Brotean
1178 2761 1283 2838 feczise
1291 2763 1423 2836 cupidine

268 2846 364 2903 mortis
377 2853 526 2919 tamquam
541 2861 577 2901 ex
592 2839 733 2914 Alciato,*
749 2843 816 2901 Ibin
831 2846 969 2920 scriptam
988 2843 1075 2903 fuisse
1092 2852 1124 2902 ut
1139 2844 1302 2919 suspicetur
1316 2855 1423 2901 auctor

209 2996 212 3003 g
269 2943 335 2986 sum
349 2925 376 2985 ei
390 2924 440 3000 qui
452 2923 603 3000 Hyginum
617 2941 682 2981 eam
693 2925 805 2996 citasse,
815 2925 978 2985 Martialem
988 2925 1093 3000 legisse
1105 2935 1192 3001 atque
1201 2924 1344 2983 imitatum
1356 2943 1423 2983 esse

268 3024 439 3084 persuasum
460 3023 522 3064 non
542 3006 680 3075 habuerit,
703 3024 798 3083 neque
820 3007 989 3066 intellexerit
1010 3016 1042 3065 ut
1055 3006 1217 3083 Eutychen,
1237 3006 1278 3064 sic
1301 3005 1422 3064 Politia-

268 3107 340 3148 num
351 3086 919 3164 LeopardumSanctium,sicHeinsimn
930 3086 1424 3165 Bentleiumque,sicNiebuhrIum

268 3189 302 3230 ac
317 3169 490 3229 Merkelium
505 3187 559 3246 pro
572 3186 642 3227 uera
656 3177 742 3245 atque
758 3167 903 3229 Ouidiana
916 3169 1060 3229 habuisse.

309 3252 379 3312 Post
399 3251 562 3328 Eutychen,
585 3267 673 3326 quem
696 3269 764 3309 cum
787 3251 888 3311 Seruio
908 3251 1027 3311 Donato
1048 3251 1197 3311 Prisciano
1225 3250 1299 3309 inter
1323 3269 1424 3326 gram·

268 3334 392 3394 maticos
410 3339 622 3392 commemorat
640 3332 761 3410 scriptor
777 3333 1010 3392 hexametrorum
1028 3333 1123 3392 editus
1141 3350 1209 3392 cum
1226 3332 1355 3391 Aleuino
1375 3352 1427 3409 ap.

269 3415 373 3491 Migne
387 3412 424 3471 T.
439 3414 466 3472 ii.
480 3432 509 3490 p.
526 3416 594 3485 844,
608 3430 700 3470 unum
717 3414 831 3491 repperi
849 3416 899 3491 qui
917 3415 984 3473 Ibin
1004 3415 1135 3473 uideatur
1155 3414 1259 3490 legisse
1278 3432 1349 3473 eum
1372 3415 1424 3491 qui

269 3495 455 3554 hexametros
475 3495 588 3570 scripsit
609 3512 655 3569 ap.
673 3493 833 3570 Hagenum
854 3495 964 3574 (Carm.
983 3494 1068 3556 Ined.
1086 3496 1177 3555 Medii
1195 3494 1271 3554 Aeni
1291 3514 1320 3571 p.
1339 3494 1423 3573 133),

270 3578 333 3636 siue
346 3576 495 3646 Alcuinus‚
510 3576 571 3634 sIue
584 3575 657 3634 alius
672 3577 736 3652 quis
751 3576 809 3636 luit.
853 3577 912 3637 Hic
926 3578 1004 3636 enim
1022 3578 1092 3637 dicit
1107 3576 1179 3648 Quis
1192 3584 1248 3635 tam
1265 3576 1427 3654 Cinyphiae

270 3660 367 3717 mentis
368 3657 439 3735 fuit
449 3663 529 3732 atque
542 3657 706 3732 malignae?
733 3659 882 3735 quodnisi
897 3678 933 3718 ex
948 3659 992 3718 Ib.
1010 3679 1066 3717 aaa
1082 3659 1131 3718 uix
1146 3659 1280 3734 explices.
1324 3658 1424 3734 Lege-

270 3741 354 3798 batur
371 3749 469 3799 tamen
487 3747 516 3797 et
536 3738 704 3814 interpretes
723 3740 865 3800 habebat:
893 3741 967 3799 inter
984 3758 1060 3817 quos
1079 3751 1139 3800 erat
1154 3741 1293 3816 glossator
1311 3741 1341 3798 in
1363 3742 1425 3798 ibin

271 3823 353 3881 cuius
363 3820 544 3881 mentionem
552 3819 619 3878 fecit
628 3820 781 3880 Conradus
791 3823 827 3881 de
838 3821 923 3881 Mure
938 3841 961 3881 s.
970 3841 997 3880 u.
1009 3821 1131 3881 Lamon.
1167 3822 1250 3880 Idem
1265 3819 1425 3882 Comadus

270 3905 301 3962 in
315 3903 410 3962 indice
424 3920 548 3978 operum
562 3900 660 3961 Ouidii
678 3921 766 3979 quem
787 3903 932 3979 duplicem
947 3904 1063 3963 exhibet
1078 3922 1100 3963 s,
1111 3923 1139 3962 u.
1157 3902 1277 3961 Ouidius
1290 3901 1359 3960 Ibin
1377 3905 1425 3964 bis

160 4028 162 4033 s
269 3986 460 4045 nouissimam
481 3985 556 4044 facit.
597 3984 643 4042 Eo
668 3987 762 4061 magis
784 3985 932 4044 admireris
956 3986 1037 4062 quod
1059 3987 1089 4044 iu
1113 3985 1202 4061 lyrico
1223 3985 1352 4044 carmIne
1376 4005 1426 4063 ap.

269 4067 429 4145 Hagenum
450 4065 546 4125 Carm.
569 4066 650 4125 Ined.
673 4086 699 4143 p.
720 4069 779 4125 208¹
799 4067 848 4125 ubi
868 4080 1054 4127 recensentur
1074 4069 1179 4143 scripta
1200 4065 1308 4139 Ouidii,
1329 4067 1426 4128 Ibidis

304 4216 319 4246 *
337 4214 412 4262 Verba
423 4215 507 4262 Alciati
518 4213 574 4261 haec
586 4220 638 4260 sunt
649 4214 742 4275 Parerg.
754 4212 799 4259 lur.
811 4213 841 4259 Iu.
853 4227 870 4274 4
883 4213 985 4260 Arbitror
1000 4213 1098 4274 aliquem
1110 4214 1159 4260 eius
1171 4213 1281 4274 temporis
1292 4214 1426 4264 studiosum

272 4280 366 4325 Luciani
378 4281 485 4341 exemplo
497 4279 597 4327 hominis
608 4280 734 4325 memoriae
745 4279 885 4332 illudentem,
898 4279 1013 4325 Ouidiano
1024 4279 1118 4326 carmini
1129 4279 1151 4324 in
1165 4277 1216 4324 Ibin
1232 4279 1353 4327 inseruisse
1367 4283 1427 4330 illud

272 4344 400 4393 distichon:
419 4347 530 4409 Quodque
537 4346 622 4405 serunt
633 4346 745 4392 Proteum
753 4344 837 4404 secisse
853 4343 957 4402 cupidine
973 4344 1053 4391 martis
1066 4345 1112 4392 Des
1127 4353 1169 4391 tua
1185 4360 1304 4392 succensae
1321 4349 1428 4397 mnnbro

268 4411 397 4518 fcremando
410 4418 489 4471 pyrae.
523 4413 566 4460 Seu
584 4411 665 4471 siquis
682 4411 811 4471 synaeresin
829 4410 852 4455 in
865 4411 948 4456 Proteo
965 4410 1106 4468 reformidat,
1118 4411 1202 4457 Protea
1219 4412 1329 4474 quodque
1347 4413 1427 4462 ferunt

211 4492 212 4495 ¹
276 4483 401 4525 emsseetc.
