3082 4980
260 381 337 440 xlviii
542 391 551 396 “
662 379 990 442 PROLEGOMENA.

260 539 322 597 aliis
344 538 595 597 commemorandi
616 547 714 597 erant:
740 557 765 597 e.
776 556 804 614 g.
825 538 1016 609 Philocteten‚
1039 535 1205 613 Telephum
1225 533 1414 615 (253-256);

260 619 517 696 Bellerophontem
532 617 618 698 (257)
633 618 811 679 Thessalum
825 616 912 698 (285)
930 618 1142 678 Echecratiden
1157 616 1242 697 (293)
1262 617 1415 677 Glaucum

259 698 347 779 (556)
382 701 603 777 praecipitatos;
638 699 836 777 Eurylochum
864 698 951 779 (287)
987 700 1113 761 Oresten
1142 698 1226 779 (527)
1261 701 1415 775 anguibus

202 806 207 813 ·
259 800 375 841 morsos
382 802 390 854 3
413 781 612 849 Alexandrum
624 779 710 860 (299)
721 782 863 858 Pyrrhum
875 780 960 861 (307)
973 781 1124 841 Socratem
1135 778 1221 859 (559)
1231 790 1414 852 uenenatos;

260 863 414 922 Achaeum
429 859 523 941 (299),
536 862 722 939 Syracosium
735 873 856 941 poetam
867 861 952 942 (549)
968 881 1147 940 suspensos;
1171 862 1322 938 Pyrrhum,
1337 862 1414 919 Dei-

261 943 378 1003 damian
395 941 572 1021 (303-307)‚
587 943 784 1021 Lycophrona
796 943 890 1024 (531),
906 944 1076 1022 Amphiona
1090 962 1157 1003 cum
1172 944 1236 1003 filiis
1251 954 1280 1002 et
1294 943 1415 1002 filiabus

262 1023 439 1103 (581-584),
450 1025 578 1083 Remum
589 1023 674 1104 (635)
689 1027 845 1086 missilibus
859 1027 1044 1098 interlectos;
1067 1025 1236 1084 Leuconem
1251 1022 1348 1103 (309),
1360 1024 1418 1101 qui

261 1107 296 1165 iis
324 1106 560 1165 adnumerandus
593 1115 654 1165 erat
682 1108 732 1182 qui
760 1126 813 1183 per
840 1107 999 1166 adulteram
1032 1108 1189 1183 coniugem
1221 1106 1413 1178 ceciderunt;

263 1187 432 1264 Sicyonium
454 1185 549 1266 (317),
580 1188 752 1265 scriptorem
779 1189 916 1248 carminis
943 1207 1003 1266 quo
1031 1188 1164 1247 Athenae
1195 1189 1290 1247 laesae
1312 1184 1415 1265 (523),

262 1268 339 1327 fame
368 1270 556 1344 absumptos,·
592 1269 730 1346 Lycaona
758 1267 844 1348 (327)
873 1269 1065 1340 fulminatum,
1098 1269 1288 1328 Mithridaten
1322 1267 1415 1348 (329)

261 1350 447 1422 destitutum
457 1350 615 1409 Limonen
636 1349 722 1430 (459)
744 1349 889 1411 Glaucum
912 1350 997 1431 (555)
1018 1353 1055 1410 ab
1076 1369 1153 1426 equo
1175 1368 1311 1423 morsos;
1336 1349 1415 1408 Cor-

261 1448 382 1508 cyraeos
403 1432 441 1489 ab
458 1432 585 1490 externis
606 1450 709 1492 caesos
728 1430 827 1511 (510);
850 1433 979 1493 Brotean
993 1431 1079 1512 (517)
1094 1432 1309 1508 Empedoclem
1323 1429 1415 1511 (597)

262 1513 407 1588 inignem
422 1531 486 1572 sese
501 1513 695 1584 conicientes;
718 1513 836 1573 Battum
851 1512 936 1593 (549)
951 1515 1088 1573 exulem
1081 1533 1111 1572 rn
1129 1513 1305 1591 longinquas
1319 1523 1415 1573 terras

262 1605 378 1667 actum3
411 1594 471 1652 Ant
472 1593 560 1653 ielum
582 1593 667 1672 (570)
688 1559 773 1654 ’fauce
796 1597 1005 1669 constrictum3
1035 1597 1065 1654 in
1086 1595 1214 1671 lapidem
1236 1612 1414 1666 conuersos,

262 1674 419 1751 Cephenas
429 1673 522 1754 (553),
536 1674 655 1735 Nioben
666 1674 760 1755 (585),
772 1677 890 1737 Battum
902 1674 987 1756 (586)
992 1697 999 1750 ;
1023 1676 1181 1735 Haemona
1195 1684 1223 1734 et
1238 1674 1416 1734 Macareum

263 1754 345 1835 (561,
362 1755 392 1835 2)
413 1757 611 1816 interfectores
632 1759 693 1830 sui;
719 1758 846 1834 Argiuos
868 1756 953 1837 (575)
975 1770 1004 1817 et
1025 1758 1186 1817 Thebanos
1208 1755 1294 1835 (378)
1317 1756 1375 1816 hos
1396 1776 1417 1817 a

263 1837 403 1914 Sphinge,
419 1839 483 1897 illos
504 1857 522 1897 a
543 1839 644 1898 Poena
664 1840 852 1916 absumpt0s;
875 1840 1071 1916 Hippolytum
1088 1839 1152 1897 uisa
1166 1840 1251 1898 belua
1265 1838 1415 1898 deiectum

262 1938 347 1978 curru
361 1939 396 1979 ac
411 1920 569 1979 laceratum
584 1917 677 1998 (577).

304 2000 483 2059 Huiusmodi
508 2000 649 2077 supplicia
677 2003 811 2079 quotiens
839 2003 966 2078 perleg0,
995 2002 1071 2060 subit
1095 2003 1226 2061 animum
1248 2001 1415 2061 recordatio

262 2099 433 2158 poenarum,
449 2093 521 2158 quas
536 2081 660 2140 Mithrae
682 2085 771 2142 sacris
784 2084 887 2142 initiati
907 2084 1090 2162 patiebantur
1103 2103 1111 2155 3
1133 2084 1289 2159 dequibus
1306 2082 1416 2143 Suidas

263 2181 286 2221 S.
296 2181 323 2220 u.
340 2162 448 2236 Μίθρας.
485 2166 537 2218 Οὗκ
552 2165 582 2220 ἂν
596 2164 642 2220 οὖν
659 2167 694 2222 εἷς
714 2167 789 2222 αὐτὸν
803 2164 941 2235 δυνάσαιτό
959 2189 997 2223 τις
1015 2166 1176 2235 τελεσθῆναι,
1197 2167 1220 2221 εἶ
1233 2167 1266 2236 μὴ
1281 2167 1323 2220 διά
1338 2189 1417 2221 τινων

262 2246 369 2316 βαθμῶν
388 2246 524 2317 παρελθὼν
544 2251 595 2300 τῶν
615 2248 747 2302 κολάσεων
768 2248 845 2318 δείξει
866 2249 956 2302 ἑαυτὸν
977 2246 1052 2302 ὅσιον
1070 2248 1111 2301 καὶ
1128 2248 1222 2316 ἀπαθῆ.
1258 2245 1308 2303 Ad
1322 2265 1415 2322 quem

263 2325 362 2383 locum
380 2323 584 2401 Bernhardyus
603 2344 640 2384 ex
659 2326 760 2385 Nonni
778 2326 895 2386 Comm.
910 2328 941 2385 in
955 2326 1044 2402 Greg.
1062 2324 1201 2385 Nazianz.
1216 2345 1246 2403 p.
1264 2345 1322 2400 130
1337 2327 1416 2387 baec

263 2407 357 2464 attulit
370 2408 467 2477 βαθμοὶ
488 2407 517 2461 δέ
536 2410 587 2462 εἶσι
608 2410 740 2465 κολάσεων
759 2412 803 2465 τὸν
821 2411 868 2479 μέν
885 2410 993 2482 ἀριθμὸν
1012 2409 1174 2481 ὀγδοήκοντα,
1190 2411 1292 2481 ἔχοντες
1307 2411 1334 2464 δέ
1350 2411 1416 2466 ὑπά-

262 2492 344 2554 βοσιν
371 2490 412 2542 καὶ
439 2487 573 2553 ἀνάβασιν·
613 2492 761 2558 κολάζονται
789 2493 840 2563 γὰρ
867 2497 970 2562 πρῶτον
996 2492 1041 2546 τὰς
1069 2491 1254 2563 ἐλαφροτέρας,
1283 2486 1339 2545 εἶτα
1369 2494 1417 2549 τὰς

263 2568 476 2642 δραστικωτέρας·
497 2571 538 2624 καὶ
552 2566 597 2625 εἶθ’
612 2568 677 2625 οὕτω
692 2574 756 2640 μετὰ
770 2575 799 2626 τὸ
813 2572 952 2645 παρελθεῖν
965 2573 1007 2626 διὰ
1022 2577 1114 2627 πασῶν
1132 2578 1183 2627 τῶν
1197 2574 1338 2642 κολάσεων,
1354 2577 1417 2629 τότε

263 2653 374 2705 τελεῖται
399 2653 413 2703 ὁ
436 2649 595 2719 τελούμενος.
630 2654 656 2705 αἱ
676 2653 703 2706 δὲ
723 2653 843 2711 κολάσεις
865 2654 916 2708 εἶσὶ
938 2655 968 2708 τὸ
990 2654 1032 2708 διὰ
1052 2655 1132 2726 πυρὸς
1152 2654 1298 2723 παρελθεῖν,
1319 2655 1350 2707 τδ
1374 2656 1417 2709 διὰ

263 2731 364 2804 κρύους,
379 2732 420 2786 διὰ
433 2733 519 2797 πείνης
533 2735 573 2786 καὶ
588 2734 675 2805 δίψης,
690 2735 732 2788 διὰ
753 2732 897 2806 ὁδοιπορίας
912 2737 1022 2803 πολλῆς,
1038 2735 1079 2789 καὶ
1097 2737 1185 2790 ἁπλῶς
1200 2736 1242 2789 διδ
1256 2740 1349 2789 πασῶν
1363 2741 1418 2790 τῶν

263 2811 391 2869 τοιούτων.
436 2810 480 2870 Cf.
496 2812 626 2870 eiusdem
640 2810 741 2871 Nonni
757 2814 794 2873 ad
809 2812 897 2890 Greg.
914 2813 986 2872 Naz.
1001 2812 1082 2873 Orat.
1097 2815 1115 2873 i.
1129 2814 1143 2888 §
1159 2828 1195 2889 47
1212 2812 1316 2888 Migne
1332 2824 1362 2872 et
1378 2815 1417 2873 ad

264 2890 345 2950 Orat.
367 2893 398 2950 in
420 2892 516 2950 Sanct.
540 2892 665 2951 Lumina
685 2894 699 2969 ξ
719 2915 745 2969 9,
767 2914 795 2970 p.
815 2909 889 2968 1072
914 2895 1025 2971 Migne.
1067 2895 1137 2971 Ipse
1159 2894 1319 2971 Gregorius
1339 2895 1417 2956 hacc

263 2973 352 3031 habel
366 2972 446 3032 Orat.
461 2974 497 3031 iv.
517 2992 572 3050 109
589 2973 692 3051 Mlgne
706 2979 752 3034 τὰς
766 2979 793 3031 έν
807 2978 908 3050 Μίθρου
921 2977 1053 3044 βασάνους
1068 2980 1108 3032 καὶ
1122 2977 1226 3034 καύσεις
1240 2979 1353 3036 ἐνδίκους
1369 2981 1419 3037 τὰς

262 3056 394 3128 μυστικάς,
415 3055 527 3129 lb.123
550 3056 649 3113 εἵλκετο
670 3059 710 3113 διδ
730 3062 867 3129 πλατειῶν,
888 3060 978 3114 ὠθεῖτο
999 3059 1053 3114 καθ’
1075 3060 1216 3130 ὑπονόμων·
1246 3064 1297 3113 τῶν
1318 3066 1419 3132 τριχῶν

262 3136 369 3208 εἵλκετο,
383 3142 428 3192 οὔκ
442 3139 513 3193 έστιν
526 3138 585 3193 ὅτου
599 3139 633 3208 μὴ
647 3141 739 3211 μέρους
753 3143 799 3194 τοῦ
814 3143 941 3209 σώματος,
955 3140 1106 3212 μιγνυμένης
1121 3144 1151 3210 τῇ
1165 3140 1231 3210 αἰκίᾳ
1248 3143 1293 3209 τῆς
1304 3138 1418 3213 ύβρεως,

169 3219 172 3223 ’
261 3222 331 3290 παρὰ
351 3225 401 3274 τῶν
421 3220 499 3290 ἀξίως
520 3220 547 3274 ἐν
569 3220 669 3293 Μίθρου
690 3224 770 3276 ταῦτα
790 3221 964 3292 κολαζομένων
978 3219 1111 3297 (fortasse
1131 3223 1200 3293 παρὰ
1219 3223 1418 3291 τὸν-κολαζό-

261 3301 360 3372 μενον).
393 3299 478 3371 Quae
493 3300 597 3356 mirum
612 3311 752 3377 quantum
767 3310 932 3376 congmunt
946 3301 988 3360 eis
1003 3320 1078 3377 quae
1093 3299 1216 3360 Ouidius
1231 3318 1419 3361 commemo-

261 3381 353 3453 rauit;
376 3399 446 3438 narn
466 3390 495 3439 et
514 3381 614 3456 ignem
635 3392 663 3439 et
684 3382 773 3457 frigus
794 3392 822 3441 et
843 3382 951 3441 famem
972 3393 1001 3441 et
1023 3383 1099 3441 sitim
1119 3392 1148 3441 et
1165 3382 1255 3457 longa
1277 3383 1366 3441 exilia
1388 3395 1419 3443 et

262 3471 370 3520 tractus
387 3481 440 3538 per
456 3473 562 3520 terram
576 3479 740 3538 corporum,
757 3473 785 3521 et
800 3463 929 3524 deiectus
943 3464 972 3521 in
988 3475 1091 3540 puteos
1108 3463 1155 3522 uel
1170 3463 1294 3535 cloacae,
1310 3474 1340 3522 et
1355 3475 1418 3524 tor-

264 3552 362 3601 menta
376 3543 472 3601 omnis
487 3544 602 3618 generis
616 3543 817 3620 frequentauit.

806 3802 874 3874 Vl.

304 4027 363 4086 Sed
376 4027 465 4086 redeo
480 4027 518 4086 ad
528 4028 704 4103 Aegyptum,
716 4028 795 4086 unde
809 4029 839 4085 in
855 4029 912 4088 fine
927 4048 990 4104 cap.
1002 4029 1030 4086 iii
1045 4029 1190 4104 digressus
1204 4046 1296 4090 eram.
1339 4031 1422 4092 Nam

261 4109 291 4166 in
313 4110 371 4168 hoc
392 4127 511 4187 quoque
533 4107 745 4168 Callimachum
767 4108 890 4168 Ouidius
912 4120 1027 4169 secutus
1048 4110 1170 4180 uidetur,
1185 4110 1294 4185 quod
1287 4130 1317 4169 rn
1333 4112 1423 4175 Ibide

261 4200 310 4248 aut
324 4190 531 4268 Aegyptiumt
520 4190 646 4249 traduxit
660 4201 709 4249 aut
728 4191 874 4267 quaedam
893 4192 1021 4250 saltem
1014 4201 1056 4249 rnt
1045 4191 1107 4249 tulit
1125 4209 1200 4266 quae
1220 4192 1259 4250 ad
1274 4193 1423 4272 Aegypti·

261 4288 347 4331 orum
361 4291 475 4333 morem
490 4291 523 4332 ac
538 4272 607 4330 ritus
622 4273 806 4347 pertinerent.

465 4356 483 4413 i.
547 4352 586 4411 Et
606 4372 644 4412 ne
666 4371 726 4411 non
746 4353 850 4412 fultum
871 4355 950 4413 nuda
971 4354 1070 4413 tellure
1091 4354 1196 4413 iaceret

589 4434 681 4493 Molle
702 4453 787 4510 super
809 4436 902 4495 silices
923 4436 1077 4512 inposuere
1099 4443 1195 4512 caput.
