3082 4980
565 384 890 447 PROLEGOMENA.
1233 385 1302 442 xxix

148 544 217 605 satis
236 545 288 604 erit
308 543 347 603 ad
362 561 425 602 rem
443 544 467 602 si
482 543 556 602 Iulia
572 543 603 600 in
618 543 702 603 Isidis
719 544 792 603 aede
809 552 929 620 operata
949 541 1076 602 abducta
1096 552 1140 601 est
1159 542 1228 601 inde
1247 559 1299 619 per

147 627 309 685 adulterum
323 626 506 701 inspectante
522 623 631 684 Ouidio
651 634 680 683 et
699 634 888 700 agnoscente,
903 625 973 683 nihil
987 634 1086 683 tamen
1099 640 1173 682 auso
1193 623 1299 699 eloqui.

147 708 207 766 Vix
221 708 300 766 enim
315 706 487 766 crediderim
501 705 642 765 Ouidium
659 716 777 783 sumpto
797 705 896 765 habitu
910 706 995 765 isiaci
1009 705 1169 765 sacerdotis
1183 704 1300 781 Augus·

148 800 210 848 tum
231 789 345 856 adiisse,
368 788 473 846 fretum
493 788 580 846 uenia
601 806 660 865 qua
679 787 727 847 ille
745 787 970 846 Athenodorum
991 788 1152 865 accepisset
1173 786 1300 845 mulieris

147 870 281 929 indutum
292 869 390 946 specie
404 869 531 946 sellaque
544 870 575 926 in
589 868 728 945 palatium
743 869 899 928 aduectum
913 887 980 928 cum
995 869 1103 946 gladio,
1114 878 1300 927 monentem·

148 970 205 1027 que
220 961 251 1010 ut
265 971 283 1010 a
297 952 401 1010 talibus
415 952 525 1010 insidiis
544 951 667 1025 posthac
686 960 811 1022 caueret,
827 951 907 1027 quod
921 950 1007 1009 tradit
1021 950 1102 1010 Dion
1116 949 1150 1010 C.
1167 952 1214 1024 56.
1231 947 1301 1023 45*

148 1033 273 1092 Constat
299 1042 376 1092 certe
404 1033 571 1108 Augustum
596 1034 626 1091 in
655 1032 778 1092 deorum
807 1032 896 1092 sacris
919 1032 1170 1107 religiosissimum
1192 1031 1299 1102 fuisse3

148 1131 268 1174 suorum
289 1123 387 1172 autem
407 1113 518 1190 flagitia
539 1114 726 1189 inpatientius
747 1112 864 1172 tulisse:
898 1124 930 1172 ut
950 1114 1025 1172 ultra
1048 1114 1165 1172 solitum
1186 1131 1318 1172 morem.

147 1195 178 1255 in
193 1213 261 1254 eum
276 1195 436 1253 saeuiturus
451 1204 535 1264 esset,
550 1212 640 1270 quem
653 1196 682 1252 in
695 1204 818 1270 utraque
833 1213 864 1253 re
879 1194 1001 1253 noxium
1016 1204 1204 1271 compererat.

189 1276 279 1334 Hanc
299 1276 385 1334 Isidis
406 1271 550 1334 offensam
571 1293 660 1351 quam
682 1277 723 1335 sic
744 1276 894 1351 Augustus
915 1276 992 1334 ultus
1014 1275 1058 1346 sit,
1080 1277 1159 1335 unde
1180 1275 1301 1335 tandem

148 1357 284 1432 colligere
299 1357 414 1415 audeo?
443 1356 573 1414 Primum
587 1357 702 1432 ex'ipso
720 1357 848 1414 carmine
859 1356 964 1416 Ibidis:
985 1356 1091 1415 deinde
1106 1375 1142 1415 ex
1154 1355 1300 1415 Tristibus

148 1447 177 1496 et
198 1437 336 1513 Epistulis
357 1455 395 1494 ex
416 1437 521 1495 Ponto.
563 1435 609 1494 De
630 1436 713 1495 Ibide
733 1437 837 1514 loquar
857 1438 1019 1512 posterius:
1041 1455 1120 1496 nunc
1139 1437 1212 1496 haec
1230 1454 1301 1496 con·

149 1518 252 1575 sidera.
294 1517 401 1575 Tristia
425 1518 475 1592 qui
494 1517 604 1593 legerit,
624 1517 703 1589 nihil,
724 1527 756 1576 ut
780 1517 894 1593 opinor,
916 1518 1021 1576 totiens
1042 1518 1190 1576 mirabitur
1212 1520 1301 1594 quam

151 1596 291 1657 Ouidium
314 1596 435 1655 fertilem
460 1615 543 1656 suam
571 1615 678 1656 uenam
701 1616 794 1673 prope
820 1598 991 1670 destituisse,
1014 1616 1067 1674 pro
1091 1599 1180 1656 ubere
1203 1616 1301 1656 rerum

150 1679 238 1753 copia
258 1696 292 1736 ac
313 1679 471 1737 uerborum
492 1696 581 1753 quam
601 1679 631 1736 in
648 1679 806 1737 Amoribus
824 1679 918 1738 Fastis
939 1678 1228 1754 Metamorphosibus
1250 1680 1301 1739 ad-

149 1759 273 1818 hibuerit
287 1759 461 1818 successisse
476 1760 570 1818 sterile
584 1760 733 1836 quoddam
752 1768 782 1818 et
800 1759 938 1831 ieiunum,
954 1778 1013 1837 quo
1034 1760 1212 1820 calamitates
1232 1778 1300 1820 suas

148 1841 251 1900 iterum
266 1850 353 1917 atque
367 1841 471 1899 iterum
485 1851 628 1917 queratur.
657 1841 733 1900 Sane
749 1842 861 1913 uidetur
873 1859 966 1900 unum
980 1859 1131 1917 superesse
1145 1842 1301 1918 uestigium

147 1922 257 1997 ingenii
278 1922 308 1979 in
329 1940 409 1981 noua
430 1940 461 1980 se
482 1923 619 1998 erigentis
640 1922 722 1999 quod
743 1922 857 1999 singula
873 1922 996 1982 disticha
1010 1923 1168 1982 sententias
1182 1922 1300 1995 habent,

148 2022 209 2062 non
228 2012 259 2062 ut
277 2003 308 2060 in
322 2002 482 2062 Amoribus
496 2003 567 2062 Arte
580 2003 674 2063 Fastis
696 2004 863 2080 simpliciter
883 2004 1077 2075 decurrentes,
1093 2004 1146 2064 sed
1167 2004 1300 2081 complu-

147 2085 227 2143 ribus
252 2085 391 2143 membris
418 2085 492 2142 inter
521 2103 552 2144 se
575 2085 726 2161 inplicatas
753 2103 788 2144 ac
814 2103 951 2144 conexas.
993 2086 1114 2162 Absque
1136 2085 1194 2145 hoc
1216 2085 1299 2157 foret,

147 2166 196 2224 uix
222 2166 311 2242 digna
333 2165 441 2226 Ouidio
462 2165 554 2224 uideri
575 2175 728 2242 poterant;
757 2175 839 2224 tanta
861 2167 892 2224 in
917 2167 1055 2226 omnibus
1076 2167 1152 2226 inest
1172 2165 1300 2246 (praeter

96 2301 100 2308 .
148 2248 311 2306 secundum
335 2247 440 2331 librum
466 2244 617 2325 Tristium)
640 2248 798 2324 figurarum
823 2265 858 2306 ac
887 2249 1030 2307 sermonis
1057 2249 1167 2308 iteratio
1178 2268 1187 2321 ;
1222 2249 1298 2309 adeo

149 2347 292 2404 nusquam
314 2347 411 2388 rerum
430 2329 519 2387 ullam
540 2329 691 2389 materiam
708 2328 823 2388 dicendi
845 2329 900 2388 nisi
918 2330 949 2386 in
967 2329 1088 2389 miseriis
1107 2331 1167 2391 suis
1183 2330 1299 2398 habet.†

48 2430 49 2435 ¹
147 2408 258 2487 Estque
269 2410 327 2469 hoc
339 2411 436 2486 ipsum
446 2410 527 2486 quod
540 2411 671 2488 legentes
683 2411 822 2483 aduertat,
832 2411 965 2470 eminens
975 2420 1004 2470 et
1013 2421 1129 2471 exstans
1139 2412 1300 2472 earundem

146 2509 242 2550 rerum
259 2493 512 2567 comparationum
528 2493 685 2551 uerborum
707 2492 832 2569 denique
854 2491 1018 2551 similitudo.
1062 2493 1116 2552 Cui
1138 2494 1217 2553 enim
1237 2512 1300 2553 non

146 2582 272 2631 recurret
299 2573 369 2632 illud
396 2573 584 2632 decantatum
605 2573 708 2633 Litora
729 2580 796 2648 quot
817 2574 941 2645 conchas,
964 2581 1029 2650 quot
1048 2594 1161 2633 amoena
1184 2577 1299 2634 rosaria

124 2662 126 2666 “
136 2654 226 2728 flores
240 2653 329 2714 Trist.
341 2673 367 2712 v.
381 2674 457 2730 2.·23
473 2673 546 2732 sqq,
561 2655 642 2732 quod
656 2655 686 2713 in
700 2672 881 2731 unoquoque
895 2656 968 2714 libro
982 2674 1038 2715 nec
1052 2655 1192 2716 Tristium
1206 2656 1298 2715 modo

147 2735 200 2794 sed
214 2737 302 2794 etiam
315 2735 512 2812 Epistularum
532 2735 714 2813 aliquatenus
734 2747 879 2796 mutatum
900 2737 1051 2814 repetiuit?
1093 2737 1150 2796 Vel
1169 2737 1241 2796 illud
1262 2737 1299 2796 de

147 2816 280 2876 Busiride
302 2827 331 2876 et
352 2817 511 2888 Phalaride,
533 2819 614 2894 quod
635 2827 667 2876 ut
689 2818 720 2876 in
740 2817 823 2876 Ibide
845 2819 887 2877 sic
909 2819 940 2875 in
961 2819 1050 2878 Trist.
1072 2829 1101 2878 et
1122 2818 1214 2894 Epist.
1236 2836 1298 2877 non

146 2899 238 2957 semel
251 2899 355 2974 legitur
369 2896 434 2978 (Tr.
447 2899 484 2956 iii.
504 2916 550 2956 11.
567 2918 614 2974 39,
630 2899 715 2958 Pont.
730 2899 766 2959 iii.
783 2901 809 2957 6.
826 2898 887 2978 41).
930 2899 1015 2958 Haec
1029 2900 1129 2958 omnia
1148 2918 1298 2960 recensere

118 3003 121 3008 ·
146 2989 270 3039 nonest
290 2982 381 3039 nostri
396 2981 511 3055 operis:
534 2989 647 3038 tantum
666 2980 786 3038 afferam
805 2999 881 3056 quae
900 2981 937 3039 ad
957 2980 1042 3040 Isidis
1061 2981 1147 3040 ritum
1168 2981 1239 3039 mihi
1252 2999 1298 3040 re-

146 3059 266 3120 ferenda
280 3061 442 3120 uideantur.
488 3060 566 3118 Nam
581 3080 618 3119 ne
633 3060 756 3120 obsoleti
771 3061 864 3120 cultus
878 3062 969 3120 uerba
982 3071 1010 3120 et
1024 3078 1114 3120 uoces
1132 3063 1298 3122 nesciamus

146 3143 263 3201 obstant
276 3143 485 3219 Inscriptiones
500 3150 529 3200 et
543 3152 740 3202 emortuarum
753 3141 936 3218 relligionum
950 3152 1099 3201 enarrator
1113 3143 1262 3219 Apuleius.

187 3222 333 3295 Quotiens
357 3225 437 3282 enim
462 3222 595 3283 Ouidius.
610 3222 799 3282 infortunium
823 3241 910 3281 suum
934 3224 1038 3300 plagae
1063 3235 1216 3300 comparat
1240 3244 1298 3302 qua

145 3323 241 3380 paene
262 3305 300 3364 ad
321 3315 447 3364 mortem
468 3303 623 3369 confossus
645 3306 698 3364 sitl
741 3302 791 3363 Tr.
806 3303 824 3362 i.
843 3324 867 3363 1.
884 3323 921 3379 99
936 3308 989 3380 qui
1001 3305 1075 3362 mibi
1084 3307 1203 3364 uulnera
1212 3308 1295 3386 fecit.

145 3386 181 3444 iii.
206 3405 251 3446 11.
275 3389 312 3462 63
334 3387 486 3444 rescindere
509 3388 631 3444 crimma
659 3386 724 3456 noli,
747 3384 842 3462 Deque
860 3389 956 3462 graui
979 3388 1070 3445 duros
1096 3388 1210 3445 uulnere
1237 3389 1298 3445 tolle

145 3486 253 3528 monus.
282 3471 320 3526 66
335 3468 426 3527 Facta
447 3470 600 3525 creatricem
621 3468 717 3525 ducere
737 3475 832 3525 nostra
852 3470 920 3526 stuc.
936 3468 1020 3527 Pont.
1035 3467 1054 3529 i.
1069 3487 1096 3543 3.
1115 3483 1150 3543 15
1170 3467 1298 3545 Tempore

120 3602 122 3610 .
145 3550 259 3607 ducetur
272 3549 352 3626 longo
361 3552 490 3628 sortasse
503 3551 635 3618 cicatrix,
650 3548 780 3607 Horrent
797 3551 922 3607 admotas
942 3551 1058 3609 uulnera
1079 3551 1167 3610 cruda
1188 3570 1296 3609 manus.

146 3627 233 3689 Trist.
247 3631 285 3689 iii.
301 3634 328 3690 6.
346 3650 382 3705 ²9
397 3629 533 3706 Meusque
545 3631 713 3708 reformidat
732 3632 821 3689 ueluti
834 3650 886 3689 sua
901 3631 1020 3689 uulnera
1033 3640 1136 3708 tempus
1150 3631 1235 3691 Illud.
1251 3630 1296 3692 cf.

146 3709 234 3771 Trist.
251 3712 286 3769 iv.
306 3731 329 3770 1.
347 3713 395 3787 36,
417 3711 536 3772 Ponti.
555 3715 583 3771 6.
600 3732 646 3785 22,
668 3713 704 3771 iv.
722 3731 768 3772 11.
784 3731 810 3785 4,
830 3732 875 3788 19,
896 3713 923 3771 ii.
941 3732 968 3788 3.
985 3733 1032 3790 94.
1083 3713 1122 3773 Et
1142 3715 1234 3774 multo
1255 3714 1297 3772 ui·

146 3792 239 3852 uidius
254 3793 338 3852 Pont.
353 3794 380 3850 ii.
397 3807 422 3867 7.
439 3812 474 3865 41

351 3873 402 3934 Sic
414 3894 461 3951 ego
474 3876 740 3954 contiuuofhrtuuae
752 3877 886 3935 uulneror
899 3877 956 3935 ictu

398 3956 507 4031 Vi'erque
520 3957 643 4015 hebetia
656 3958 734 4016 nobri
748 3960 805 4016 tam
820 3977 892 4016 noua
900 3959 990 4033 plaga
1003 3958 1100 4015 locum.

145 4036 181 4096 iv.
200 4039 244 4095 16.
261 4050 295 4111 51
352 4036 429 4108 Quid
439 4041 522 4096 iuuat
532 4040 788 4118 extructosferrum
803 4040 939 4097 demittere
952 4041 982 4096 in
996 4040 1102 4097 arturi

389 4118 458 4178 Non
471 4119 552 4178 habet
564 4121 594 4177 in
607 4119 685 4177 uobi's
700 4122 756 4177 iam
771 4138 843 4177 noua
852 4119 941 4195 plaga
954 4119 1051 4176 locum.

144 4199 232 4276 Apul.
247 4199 290 4258 M.
306 4200 343 4258 xi.
363 4215 398 4274 15
413 4199 493 4260 Nam
512 4204 542 4258 iu
560 4219 603 4258 eos
621 4218 737 4276 quorum
751 4200 809 4259 sibi
819 4202 895 4259 uitas
909 4202 940 4258 iu
953 4201 1099 4258 smuc’triem
1113 4198 1177 4258 deae
1189 4207 1299 4259 nostrae

178 4332 193 4365 *
209 4330 284 4391 Culpa
297 4330 383 4388 Ouidii,
395 4346 555 4393 quaecumque
568 4331 619 4388 fuit,
631 4345 688 4378 non
705 4330 851 4378 'minimum
870 4330 976 4378 luroris
989 4329 1069 4376 habuit
1081 4330 1160 4392 (Pont.
1172 4330 1196 4382 ii.
1206 4345 1229 4396 3.
1240 4332 1299 4398 46):

144 4396 207 4457 quod
219 4397 247 4442 de
258 4397 360 4445 audacia
373 4399 416 4457 (au
427 4397 545 4458 escapade)
558 4397 628 4456 qualis
640 4396 787 4446 Athenodori
799 4395 857 4444 hacc
868 4396 920 4456 fuit,
929 4411 977 4457 non
989 4397 1050 4444 male
1061 4395 1166 4458 explices.

178 4462 197 4520 †
214 4463 265 4510 Sert.
278 4463 506 4524 connuncupant.
519 4462 592 4511 Praei.
602 4473 624 4523 5.
