3126 4980
635 376 680 437 IN
703 377 798 438 IBIN.
1048 382 1051 388 “
1158 420 1167 425 -
1251 384 1289 438 95

134 539 217 599 Alius
232 538 361 600 Glaucus
375 548 435 617 ‘per
449 533 607 615 quamdam
627 535 692 594 her·
732 536 763 593 in
786 535 906 607 herbam
929 544 958 594 et
983 536 1052 595 tacti
1076 536 1114 594 ab
1134 535 1225 594 herba
1245 554 1288 594 re·

135 623 203 681 barn
225 623 256 679 in
279 623 392 699 piscem
415 630 542 679 mutatus
566 619 597 676 in
619 618 692 676 mari
734 618 864 676 silierunt
885 616 915 674 in
936 635 1025 688 mare,
1046 618 1124 676 unde
1144 618 1289 679 admirans

61 765 66 776 ,
133 704 263 781 prosiliit.
308 702 346 761 G.
412 701 416 706 ’
733 701 794 757 uim
815 699 889 757 illius
910 697 1018 758 herbae
1039 701 1132 776 tetigit
1143 700 1242 775 ipsam
1260 711 1289 760 et

731 781 762 839 in
777 799 857 840 mare
874 781 1014 856 prosiluit.
1057 780 1182 842 Ouidius
1197 781 1287 841 Meta.

140 979 142 983 ν
178 961 246 1023 557.
269 947 384 1023 thue
419 945 554 1004 duobus
589 943 690 1002 idem.
775 943 903 1016 Quidam
954 944 1101 1005 Cretensis
1152 945 1287 1006 inuitauit

136 1029 254 1088 Tertius
269 1027 398 1087 Glaucus
413 1045 431 1085 a
445 1027 573 1103 quodam
594 1026 691 1085 uicino
734 1025 879 1085 Glaucum
893 1026 1011 1088 †nolem
1029 1028 1067 1086 ad
1087 1029 1242 1103 prandium
1260 1037 1289 1090 et

137 1129 191 1170 suo
203 1110 240 1168 ad
252 1110 419 1169 conuiuium
428 1109 564 1167 inuitatus
575 1125 691 1167 ueneno
733 1108 813 1167 dedit
840 1108 879 1167 illi
906 1126 1052 1167 uenenum
1088 1110 1186 1169 bibere
1221 1127 1289 1169 cum

137 1193 216 1251 melli
229 1193 321 1250 mixto
337 1191 450 1250 interiit.
495 1191 531 1251 G.
732 1190 826 1263 melle,
844 1201 873 1249 et
894 1191 934 1250 ita
957 1191 1116 1250 suffocatus
1137 1203 1189 1252 est.
1224 1190 1292 1250 Cal

732 1270 802 1331 Asa.

179 1353 308 1414 Glaucus
329 1355 458 1431 piscator
476 1352 603 1428 optimus
619 1353 656 1411 de
675 1353 746 1412 urbe
765 1353 951 1424 Anthedone,
967 1354 1128 1414 secundum
1142 1354 1288 1430 quosdam

137 1437 213 1496 filius
228 1436 347 1506 Minois,
367 1436 462 1511 pisces
482 1435 597 1493 inlitus
617 1434 747 1510 proiecit,
763 1436 813 1511 qui
826 1435 982 1494 herbarum
1004 1446 1082 1495 tactu
1103 1439 1287 1496 reuiserunts

137 1535 197 1596 quo
212 1519 278 1577 uiso
293 1518 430 1587 Glaucus,
445 1517 568 1576 credens
583 1515 663 1592 quod
682 1526 804 1591 gustans
819 1518 872 1576 has
890 1517 996 1577 herbas
1011 1519 1091 1576 fieret
1105 1519 1287 1588 immortalis,

138 1601 274 1677 gustauit,
299 1610 328 1658 et
353 1600 448 1658 statim
477 1599 617 1656 alienatus
646 1615 677 1655 se
706 1598 736 1655 in
765 1617 844 1656 mare
871 1600 1089 1675 praecipitauit:
1122 1601 1171 1657 ubi
1196 1600 1289 1659 lactus

137 1683 267 1740 marinus
291 1681 362 1739 deus
387 1679 440 1738 fuit
464 1689 576 1738 amatus
604 1698 622 1736 a
647 1679 741 1752 Circe,
767 1681 819 1739 sed
843 1680 906 1757 ipse
931 1681 997 1755 plus
1027 1680 1143 1740 Scillam
1171 1683 1287 1739 amauit.

138 1763 268 1822 Glaucus
297 1762 367 1820 alter
394 1782 424 1821 a¹
438 1761 537 1819 uicino
566 1761 702 1818 inuitatus
730 1779 847 1820 ueneno
873 1780 940 1820 cum
964 1761 1049 1820 melle
1077 1764 1168 1821 mixto
1196 1764 1288 1822 bibito

137 1845 255 1920 fingitur
269 1845 396 1920 periisse.
440 1842 569 1901 Glaucus
584 1843 672 1899 eliam
690 1843 790 1902 tercius
804 1843 841 1901 de
859 1845 931 1902 urbe
945 1843 1049 1902 Potnia
1069 1863 1150 1902 sacra
1164 1843 1288 1904 Veneris

139 1927 264 2003 spreuit:
288 1926 365 1983 unde
392 1925 439 1982 illa
463 1926 535 1982 irata
559 1925 691 1999 equabus
711 1942 785 1999 quas
809 1926 955 2002 equitabat
976 1925 1085 2003 inmisit
1105 1925 1231 1985 furorem
1257 1927 1287 1984 in

138 2012 252 2067 tantum
267 2008 347 2083 quod
362 2007 458 2082 ipsum
473 2005 677 2064 dilacerabant.
719 2002 817 2064 Mara.
1284 2079 1288 2083 .

181 2105 249 2164 559.
272 2089 502 2164 Sollicitoque
517 2089 624 2146 bibas.
653 2085 693 2157 Q.
776 2088 881 2147 A'nitus
902 2087 1061 2164 discipulus
1076 2088 1202 2148 Socratis
1221 2091 1290 2148 eum

139 2171 167 2230 d.
190 2181 308 2230 coactus
333 2171 416 2229 bibas
440 2187 587 2228 uenenum
613 2167 694 2247 quod
735 2172 892 2241 accusauit,
923 2172 1003 2229 unde
1039 2169 1172 2231 Socrates
1211 2190 1290 2230 reus

140 2252 274 2311 Socrates
288 2252 360 2310 bibit
375 2263 489 2328 sponte.
533 2249 569 2310 G.
735 2249 831 2310 Aniti
852 2251 946 2310 dictus
968 2262 1020 2311 est.
1069 2254 1119 2328 qui
1140 2272 1287 2312 uenenum

735 2333 790 2392 sibi
811 2333 911 2391 datum
932 2335 1043 2392 cicutae
1063 2335 1135 2392 bibit
1156 2353 1227 2412 prae
1247 2336 1291 2392 in·

734 2415 1288 2556 {mladaAlcibiadepuerosibidclecto.

182 2577 230 2637 Sic
244 2586 398 2637 construe:
421 2578 532 2636 utinam
551 2577 651 2636 bibas
670 2577 740 2637 illud
756 2597 912 2650 uenenum,
927 2597 949 2638 s.
964 2579 1084 2650 cicutae,
1100 2579 1193 2656 quod
1211 2580 1288 2639 doc-

139 2660 306 2730 tissimus,
328 2661 346 2718 i.
370 2659 512 2731 Socrates,
541 2675 619 2718 reus
647 2659 743 2719 Aniti
770 2660 854 2719 olim
882 2661 987 2721 bibit:
1022 2661 1089 2721 dico
1117 2661 1218 2720 bibas
1246 2663 1289 2722 sic

140 2741 293 2801 sollicito
315 2759 375 2800 ore
395 2743 502 2800 ueluti
523 2742 586 2817 ipse
605 2739 739 2802 Socrates
760 2742 848 2801 bibit
868 2743 1119 2820 imperturbato
1136 2761 1205 2817 ore,
1221 2745 1290 2820 quia

140 2839 201 2882 non
215 2823 309 2881 timuit
323 2834 351 2882 et
366 2824 438 2881 nihil
451 2824 549 2883 nocuit
564 2824 598 2881 ei.
650 2820 683 2882 C.

182 2907 250 2978 561.
272 2903 345 2963 Nec
366 2905 428 2964 tibi
447 2906 573 2981 siquid
592 2924 694 2965 amas.
777 2905 898 2964 Haemo
917 2905 1107 2967 cumlfiliam
1122 2905 1292 2983 Rhodopen

141 2984 281 3049 Haemon
298 3005 366 3044 cum
386 3004 484 3067 sorore
498 3005 567 3063 prae
582 2988 695 3063 pudore
733 2989 856 3063 turpiter
864 2997 983 3058 amaret,
989 2998 1109 3063 uterque
1117 2989 1148 3045 in
1157 2999 1289 3046 montem

140 3069 233 3144 periit.
275 3067 320 3125 vel
338 3069 424 3138 aliter,
440 3086 515 3126 uxor
529 3068 695 3128 Haemonis
737 3069 781 3127 sui
799 3069 927 3126 nominis
948 3068 1091 3128 obduruit.
1140 3069 1206 3129 Cod.
1222 3069 1291 3128 Sal-

140 3150 234 3226 prima
248 3159 334 3208 nocte
349 3159 463 3209 mortua
477 3150 546 3226 quia
559 3150 697 3209 omnibus
738 3151 847 3227 uagati.

177 3304 238 3368 55⁶·
256 3301 349 3355 metha
362 3301 385 3355 G
418 3300 482 3357 Mea
495 3300 577 3357 XIII.
591 3320 642 3368 904
655 3323 706 3373 sqq.

177 3388 240 3438 557.
256 3372 367 3437 †nolem
377 3373 572 3427 Anuobileml
600 3373 870 3442 quendamglaucum
881 3373 992 3427 nomine
1002 3371 1069 3428 Ask.
1130 3373 1291 3430 anchedone
1353 3388 1356 3394 ’

141 3445 218 3498 Mure
288 3444 365 3496 littus
382 3446 461 3498 Mare
496 3445 570 3514 Quod
582 3447 734 3500 scholiastae
749 3443 876 3499 Glaucam
893 3464 983 3498 ueneno
998 3446 1069 3499 melli
1086 3448 1166 3499 mixto
1184 3449 1291 3502 tradunt

141 3517 274 3582 interiisse,
287 3516 435 3582 cocfirenda
454 3527 513 3569 sant
530 3536 593 3584 qaae
610 3519 640 3569 de
657 3537 684 3569 eo
701 3518 763 3569 dicit
780 3518 954 3584 Palaephatus
972 3518 1002 3569 de
1018 3517 1112 3570 Incred.
1129 3532 1159 3580 27
1177 3520 1292 3574 Γλαῦκος

141 3586 207 3640 πιὼν
215 3584 276 3655 μέλι
286 3585 415 3655 ἐταράχθη
424 3585 469 3653 τὴν
478 3587 585 3639 κοιλίαν·
598 3587 679 3656 χολῆς
689 3586 716 3640 δὲ
725 3587 792 3655 αὐτῷ
800 3587 919 3642 πλείονος
928 3587 1071 3653 κινηθείσης
1078 3587 1291 3655 ε’λειποθΰμησεν.

141 3656 213 3709 Haec
224 3659 299 3721 enim,
312 3673 465 3724 quamquam
479 3658 616 3726 uulgatum
626 3659 655 3710 dc
669 3656 764 3711 Glauco
772 3657 897 3725 fhhalam
910 3660 936 3710 in
948 3659 1109 3711 uerisimilius
1122 3661 1291 3728 interpretan-

141 3738 193 3793 tur,
202 3740 252 3796 pro
264 3731 320 3796 ipsa
322 3727 422 3794 fabula
433 3739 551 3796 poterant
562 3731 719 3782 innotescere.
764 3729 886 3796 puthnya
899 3730 976 3782 Mare
1012 3730 1168 3782 imtamtum
1181 3733 1265 3787 Mare.

179 3814 240 3862 559.
258 3800 312 3851 lae.
337 3798 421 3866 Quasi
443 3798 517 3850 dicat
592 3801 717 3852 Sacrates
736 3800 762 3853 G
830 3803 914 3853 Paria
934 3820 990 3854 cam
1009 3801 1122 3855 Chabct
1140 3803 1217 3855 Mare
1234 3822 1255 3857 s.
1266 3823 1290 3857 a.

143 3869 271 3920 Socrates
368 3870 509 3921 AnetusC
595 3871 705 3924 anetiG
791 3871 921 3924 secuteG
1007 3873 1092 3938 proC
1174 3872 1290 3941 dilecto]

144 3937 284 3990 iniuctoG
352 3940 500 4008 Discipulos
515 3941 628 3994 Socratis
642 3942 741 4009 Auytus
759 3961 808 3995 non
817 3942 893 4008 fuit,·
911 3943 956 3994 sed
970 3943 1111 4011 disputanti
1124 3944 1225 3996 Socrati
1241 3946 1291 3996 ad·

139 4010 224 4073 fuisse
242 4010 325 4074 Anyti
345 4010 431 4073 filiam
450 4011 511 4064 dicit
531 4015 641 4080 scriptor
661 4014 851 4081 Xenophonteae
872 4013 949 4080 Apol.
972 4014 1024 4066 Soc.
1048 4030 1089 4077 29,
1113 4030 1155 4077 30.
1177 4015 1249 4081 Quae
1271 4016 1294 4068 G

143 4080 216 4132 addit
234 4080 264 4132 de
282 4079 424 4144 Alcibiade,
443 4083 523 4133 nescio
539 4101 575 4134 an
592 4103 624 4135 ex
642 4086 744 4151 antiquo
755 4086 831 4150 fonte
847 4083 967 4135 deriuala
988 4083 1048 4147 sint,
1067 4083 1109 4135 ahi
1127 4085 1240 4137 traditus
1257 4087 1292 4137 sit

144 4151 260 4202 Socrates
279 4169 335 4202 cum
353 4151 438 4215 Anyto
455 4153 494 4203 ita
512 4155 653 4206 coniunctas
665 4156 752 4219 fuisse
771 4165 800 4206 at
819 4164 919 4221 aterque
936 4152 1078 4206 Alcibiadis
1102 4165 1206 4207 amator
1229 4167 1292 4209 esset

146 4220 240 4289 (Sahal.
253 4220 325 4274 Plat.
339 4221 414 4289 Apol.
428 4223 496 4275 Sacc.
504 4233 531 4291 p.
547 4228 588 4287 28,
601 4225 671 4278 Plut.
681 4226 803 4277 Amator.
817 4221 890 4291 762).

162 4325 164 4330 -
182 4294 242 4356 561.
262 4293 387 4344 Incestum
405 4291 540 4344 Haemonis
562 4296 626 4361 qaod
642 4296 683 4348 hic
702 4305 815 4348 narrant
836 4295 859 4347 G
879 4304 904 4347 et
924 4296 975 4346 cod.
995 4294 1131 4363 Saluagnii
1147 4294 1177 4347 de
1194 4295 1293 4348 Haemo

144 4374 241 4416 narrat
253 4363 410 4415 Plutarchus
426 4362 455 4415 dc
468 4363 565 4416 Flauiis
579 4366 630 4420 XI.
648 4366 811 4436 παράκεινται
830 4363 852 4416 δ’
871 4364 938 4435 αὐτῷ
953 4362 999 4435 ὅρη
1015 4362 1125 4432 Ῥοδόπη
1144 4366 1183 4418 καὶ
1203 4362 1292 4430 Aluos·

58 4441 61 4447 '
145 4431 216 4486 οὗτοι
230 4431 342 4501 ἀδελφοὶ
357 4432 528 4502 τυγχάνοντες
546 4435 586 4488 καὶ
604 4435 641 4491 εἰς
656 4436 792 4504 ἐπιθυμίαν
807 4433 930 4502 ἀλλήλων
944 4435 1108 4503 ἐμπεσόντες,
1121 4437 1135 4488 ὁ
1151 4436 1199 4505 μὲν
1214 4437 1293 4506 αὐτὴν

139 4500 227 4572 Ἥραν
235 4504 457 4574 προσηγόρευσεν,
467 4501 482 4571 'l
492 4503 520 4556 di
532 4506 576 4559 τὸν
588 4505 754 4576 ἀγαπώμενον
763 4506 822 4562 Δία.
840 4507 864 4560 oi
874 4504 897 4559 δ’
906 4505 1067 4575 ἀτιμούμενοι
1078 4507 1132 4561 θεοὶ
1144 4508 1190 4576 τὴν
1197 4510 1293 4578 πρᾶξιν
