3038 4988
189 379 247 437 144
591 376 939 440 COMMENTARIVS.

185 551 275 590 mma
286 539 460 590 uocantem.
496 534 628 604 Apollod.
639 534 667 591 ii.
677 547 702 602 7.
713 547 729 602 7
742 537 852 605 Διεξιιδν
863 535 892 589 δὲ
903 533 1036 604 Ἡρακλῆς
1048 533 1095 603 τὴν
1107 536 1238 623 Δρυάρων
1249 537 1339 607 χάραν,

185 604 289 676 ἀπορῶν
315 607 423 676 τροφῆς,
451 604 645 673 ἀπαντήσαντος
670 607 859 673 Θειοδάμαντος
881 607 1074 673 βοηλατοῦντος
1098 608 1145 660 τὸν
1175 628 1265 676 ετερον
1293 613 1341 661 τῶν

184 676 285 747 ταύρων
305 676 390 731 λύσας
410 674 568 746 εύωχῆσατο.
606 676 640 732 ὣς
659 676 688 729 δέ
709 675 788 744 ἦλθεν
806 677 841 732 εἷς
859 680 972 747 Τραχῖνα
992 677 1057 748 πρὸς
1075 675 1173 744 Κῆυκα,
1192 677 1341 747 ὑποδεχθεὶς

185 744 228 800 ὑπ’
258 747 337 800 αὐτοῦ
370 744 490 814 Δρύοπας
524 747 740 816 κατεπολέμησεν.
795 746 868 803 αὖθις
898 748 926 801 δὲ
955 748 1051 801 ἐκεῖθεν
1081 748 1203 817 ὁρμηθεὶς
1235 749 1340 820 Αἰγιμίῳ

185 819 293 882 βασιλεῖ
311 817 431 885 Δωριέων
451 818 625 886 συνεμάχησε.
665 818 746 872 Idem
766 828 862 873 narrat
880 816 1048 887 Apollonius
1067 817 1085 873 i.
1108 833 1276 888 1213-1219,
1294 819 1339 873 ubi

186 889 338 943 scholiasta
353 906 413 943 rem
432 887 473 942 sic
489 888 625 957 explicat:
646 890 799 944 Herculem
818 906 882 943 cum
900 889 928 942 in
943 888 1101 959 Dryopiam
1119 889 1257 957 uenisset,
1270 907 1340 960 quae

139 978 142 982 ⁴
185 959 264 1027 regio
277 968 319 1014 est
337 958 513 1014 contermina
527 958 631 1027 Maliis,
644 968 674 1014 ut
690 961 777 1029 Hyllo
790 959 847 1013 filio
864 970 892 1014 et
906 959 1011 1013 Lichae
1030 961 1106 1013 fame
1125 959 1265 1014 confectis
1278 978 1339 1029 sup·

185 1030 276 1098 petias
296 1030 356 1099 iret,
369 1047 386 1084 a
399 1029 607 1085 Thiodamante
626 1029 721 1083 cibum
738 1030 862 1099 petiisse,
874 1047 967 1099 neque
984 1030 1021 1084 ab
1038 1047 1072 1084 eo
1089 1030 1199 1085 tulisse.
1238 1048 1294 1100 qua
1311 1049 1340 1085 re

186 1100 363 1169 indignatum
376 1117 463 1155 unum
476 1118 510 1155 ex
522 1100 614 1154 bubus
628 1100 845 1155 Thiodamantis
859 1110 1008 1168 mactasse,
1022 1117 1088 1154 mox
1098 1100 1339 1155 Thiodamantem

185 1171 298 1224 uenisse
311 1188 376 1224 cum
389 1171 446 1225 suis
464 1182 491 1225 et
509 1170 538 1225 in
555 1181 666 1226 tantum
678 1171 794 1240 periculi
813 1171 965 1226 adduxisse
979 1172 1134 1225 Herculem
1147 1181 1179 1225 ut
1196 1190 1268 1226 uxor
1281 1172 1339 1227 eius

186 1241 324 1296 Deianira
342 1258 421 1296 arma
439 1258 490 1311 pro
508 1241 570 1295 uiro
588 1253 687 1296 contra
707 1243 839 1311 Dryopas
858 1252 998 1297 sumeret:
1024 1241 1115 1296 donec
1135 1241 1203 1296 uicti
1224 1243 1339 1297 tandem

185 1312 268 1366 sedes
281 1322 431 1380 mutarent,
443 1312 619 1367 Thiodamas
637 1323 733 1367 autem
752 1312 839 1366 filium
854 1314 950 1382 Hylan
969 1312 1100 1366 obsidem
1114 1312 1234 1366 Herculi
1252 1314 1339 1368 daret.

184 1386 257 1437 488.
275 1386 486 1437 inhumanum
503 1382 661 1451 ‘churlish,’
678 1383 878 1453 inhospitalem
900 1383 967 1452 quia
990 1384 1128 1437 Hercules
1154 1384 1222 1446 βοῦν
1246 1383 1340 1452 ἀρότην

184 1456 281 1523 ἤνωγε
304 1453 506 1524 παρασχέμεν
530 1455 584 1506 οὐκ
608 1453 765 1508 ἐθέλοντα.
803 1456 856 1523 Ap.
871 1455 906 1508 R.
920 1453 937 1509 i.
954 1466 1029 1520 1217.
1082 1457 1211 1519 Dryops
1235 1471 1338 1509 nomen

184 1524 286 1594 gentiS,
301 1534 331 1579 ut
344 1524 491 1594 Aethiops.
528 1525 659 1593 Dymans
677 1524 753 1594 quod
772 1525 885 1579 exhibet
904 1527 985 1579 Conr.
1007 1523 1043 1579 de
1061 1525 1144 1579 Mure
1165 1526 1287 1579 fortasse
1305 1544 1338 1580 ex

184 1605 239 1650 uet.
254 1595 361 1664 codice,
374 1595 439 1649 licet
452 1613 487 1650 ex
500 1596 596 1664 Steph.
612 1596 676 1664 Byz.
690 1612 713 1649 s.
723 1613 750 1650 u.
763 1598 878 1664 Δυμᾶνες
891 1594 1075 1665 interpretari.
1112 1595 1232 1665 Αἰγίμιος
1248 1593 1279 1662 ἦν
1290 1602 1339 1650 τῶν

183 1667 243 1736 περὶ
260 1667 305 1735 τῆν
318 1664 396 1734 Οἴτην
408 1664 527 1734 Δωριέων
541 1664 676 1729 βασιλεύς.
713 1667 778 1734 ἔσχε
794 1667 823 1719 δὲ
839 1665 884 1719 δύο
900 1666 993 1720 παῖδας
1007 1667 1156 1734 Πάμφυλον
1171 1667 1212 1720 καὶ
1226 1669 1337 1734 Δυμᾶνα,

184 1740 226 1791 καὶ
250 1739 294 1792 τδν
317 1742 363 1792 τοῦ
383 1734 543 1807 Ἡρακλέους
557 1734 658 1790 Ὕλλον
681 1734 823 1802 έποιῆσατο
846 1737 942 1807 τρίτον,
966 1737 1042 1805 χάριν
1066 1736 1206 1791 ἀποδιδούς
1230 1736 1286 1790 ἀνθ’
1306 1738 1338 1790 ὧν

182 1805 314 1878 Ἡρακλῆς
337 1808 517 1862 ἐκπεπτωκότα
540 1805 690 1876 κατήγαγεν.
734 1808 865 1877 Dymaeis
885 1807 902 1862 ἰ.
922 1824 948 1876 q.
973 1808 1128 1875 Dymanes,
1154 1807 1181 1861 h.
1198 1825 1224 1862 e.
1250 1807 1338 1862 tribus

184 1880 230 1933 uel
243 1879 320 1933 natio
333 1895 431 1933 eorum
443 1877 490 1947 qui
508 1895 526 1931 a
540 1879 672 1946 Dymane
689 1877 742 1931 orti
760 1887 833 1932 sunt.
872 1877 911 1931 Hi
925 1878 1066 1946 finguntur
1078 1878 1184 1932 uidisse
1197 1877 1251 1946 (sic
1264 1879 1338 1932 enim

183 1950 251 2018 legit
270 1949 363 2017 Mure)
378 1952 607 2003 Thiodamanta
624 1952 660 2002 in
677 1965 766 2003 arma
781 1955 948 2003 uocantem
966 1965 1040 2015 suos,
1054 1958 1139 2018 atque
1158 1948 1212 2017 ipsi
1233 1949 1337 2003 bellum

182 2037 235 2088 pro
249 2021 372 2075 Hercule
385 2019 491 2074 cientes
508 2023 621 2074 domiti
635 2017 739 2074 fuisse:
759 2036 852 2089 neque
871 2019 900 2073 id
919 2035 988 2074 sane
1006 2019 1138 2073 abhorret
1156 2019 1194 2073 ab
1213 2018 1249 2072 iis
1267 2037 1337 2089 quae

183 2108 201 2145 a
219 2093 312 2146 Schol.
325 2090 467 2160 Apollonii
485 2090 640 2145 traduntur.
795 2093 867 2146 489.
891 2092 986 2144 ferus.
1029 2092 1101 2144 Aen.
1113 2089 1171 2144 viii.
1188 2104 1238 2158 194
1257 2093 1339 2144 semi-

182 2161 306 2216 hominis
334 2163 407 2230 Caci,
432 2162 483 2227 267
508 2160 639 2231 semiferi.
686 2160 807 2215 Ouidius
835 2167 992 2214 monstrum
1022 2160 1145 2228 appellat
1172 2162 1204 2215 F.
1234 2161 1251 2215 i.
1280 2173 1338 2230 554.

182 2238 339 2287 mactatus
360 2233 442 2286 claua
463 2234 494 2286 F.
517 2231 535 2287 i.
559 2244 617 2300 575,
641 2233 724 2301 Prop.
744 2231 779 2286 iv.
801 2246 825 2299 9.
848 2243 888 2300 15,
911 2244 949 2297 17.
995 2236 1087 2285 antro
1106 2231 1179 2284 Aen.
1199 2231 1258 2286 viii.
1277 2245 1336 2300 217,

183 2305 267 2373 Prop.
278 2303 312 2358 iv.
324 2318 349 2371 9.
358 2318 384 2370 9.
416 2303 586 2372 Speluncam
599 2302 695 2356 dicunt
705 2302 845 2370 Vergilius
854 2304 924 2357 Aen.
934 2300 990 2356 viii.
1002 2316 1060 2369 192,
1074 2300 1194 2355 Ouidius
1205 2303 1238 2355 F.
1249 2301 1267 2356 i.
1279 2314 1335 2371 555.

182 2377 255 2429 490.
272 2376 413 2428 inclusae
437 2375 509 2428 Aen.
531 2373 586 2427 viii.
610 2387 660 2440 217
683 2373 819 2427 Reddidit
841 2390 906 2427 una
929 2372 1027 2426 boum
1052 2389 1144 2425 uocem
1170 2382 1336 2442 uastoque

182 2446 243 2500 sub
263 2455 359 2499 antro
377 2445 493 2514 Mugiit
504 2449 531 2498 et
544 2445 612 2498 Caci
627 2448 703 2514 spem
716 2445 854 2497 custodita
863 2444 978 2513 fefellit.
1029 2446 1069 2496 ab
1088 2459 1141 2496 ore
1160 2452 1191 2496 ut
1210 2445 1336 2497 uiolatus

182 2517 217 2570 ab
228 2533 298 2569 arcu
312 2517 393 2569 Pont.
401 2514 438 2568 iii.
452 2527 474 2583 5.
485 2527 528 2583 45,
538 2515 810 2585 tabulaeseriuntur
820 2515 855 2568 ab
867 2515 952 2567 undis
965 2512 1050 2568 Trist.
1063 2512 1079 2566 i.
1094 2528 1118 2566 2.
1132 2526 1166 2579 47
1181 2524 1208 2567 et
1222 2514 1336 2584 saepius

182 2585 373 2656 ap.‚Ouidium
387 2584 539 2653 (Dr'ageri.
553 2603 579 2655 p.
596 2584 667 2654 508).
720 2587 787 2641 491.
805 2589 860 2651 qui
874 2585 986 2638 Lichas.
1033 2587 1117 2638 dona
1130 2583 1287 2639 Deianirae
1299 2585 1336 2639 ad

183 2658 345 2712 Herculem.
381 2659 511 2711 Nesseo.
535 2658 610 2724 Hyg.
620 2656 653 2724 36
663 2672 769 2709 mernor
778 2658 805 2709 N
811 2655 902 2712 essei
908 2656 1054 2725 praecepti
1062 2654 1223 2722 (Deianira)
1233 2662 1335 2709 uestem

181 2728 322 2782 tinctam
337 2727 475 2781 Centauri
484 2729 623 2797 sanguine
636 2727 759 2781 Herculi
769 2726 925 2797 quiferret,
938 2728 1049 2779 nomine
1061 2724 1182 2779 Licham
1184 2727 1335 2806 ¹[amulum

181 2801 268 2853 misit.
302 2814 433 2853 ueneno.
460 2796 587 2851 Moriens
596 2799 706 2852 Nessus
716 2797 881 2852 Deianiram
895 2796 1013 2851 iusserat
1024 2813 1121 2850 semen
1131 2796 1169 2849 ab
1183 2813 1247 2865 ipso
1257 2796 1334 2850 humi

180 2871 335 2940 profusum,
348 2885 413 2923 cum
431 2886 496 2923 eam
514 2867 572 2922 iam
589 2868 646 2921 iam
659 2867 813 2922 uiolaturus
830 2877 913 2935 esset,
926 2865 1064 2935 sanguine
1076 2865 1201 2920 uulneris
1214 2867 1334 2922 miscere

181 2958 237 3010 quo
256 2941 292 2994 ab
313 2941 437 2994 Hercule
455 2939 572 2994 affectus
591 2948 674 2994 esset.
711 2938 840 3008 Apollod.
862 2937 889 2992 ii.
911 2950 935 3004 7.
954 2937 972 2992 6
990 2931 1069 2992 Εἶπεν
1085 2937 1108 2989 εἰ
1129 2936 1203 2990 θελοι
1221 2939 1335 3008 φιλτρον

179 3013 246 3081 πρὸς
258 3009 389 3082 Ἡρακλέα
407 3012 485 3080 ἔχειν,
497 3012 543 3063 τόν
560 3031 588 3062 τε
607 3011 685 3079 γόνον
703 3007 732 3063 δν
750 3008 834 3078 άφῆκε
848 3008 911 3061 κατὰ
928 3009 974 3073 τῆς
989 3009 1036 3076 γῆς
1054 3006 1095 3060 καὶ
1113 3008 1143 3060 τδ
1161 3005 1223 3075 ῥυέν
1241 3008 1270 3061 ἐκ
1288 3011 1334 3062 τοῦ

179 3082 325 3152 τραύματος
336 3077 398 3148 οἶμα
411 3082 545 3149 συμμῖξαι.
584 3081 626 3134 Cf.
638 3078 723 3134 Diod.
734 3079 769 3134 iv.
779 3079 821 3149 36,
836 3079 921 3149 Soph.
937 3079 1038 3132 Trach.
1050 3089 1182 3147 714-717,
1193 3079 1333 3146 831-833:

179 3164 208 3208 et
222 3153 287 3209 uide
300 3152 476 3207 Wunderum
489 3151 527 3206 ad
540 3152 640 3205 Trach.
655 3167 681 3220 p.
694 3165 738 3217 40.
818 3153 889 3204 492.
901 3152 1028 3203 nomine
1040 3150 1115 3203 feeit
1127 3166 1162 3202 ex
1175 3150 1202 3203 G
1214 3148 1333 3205 restitui.

179 3224 329 3279 Ablatiuus
349 3223 460 3278 uidetur
477 3239 541 3277 esse
559 3220 583 3275 is
603 3221 650 3291 qui
666 3220 698 3274 in
712 3223 743 3276 F.
763 3219 800 3274 iii.
821 3221 855 3275 88
873 3221 983 3273 Mensis
1001 3221 1033 3273 in
1051 3219 1097 3273 leis
1116 3220 1203 3273 etiam
1221 3221 1334 3273 nomine

178 3297 289 3350 Martis
300 3297 363 3363 erit,
372 3293 398 3348 ii.
410 3293 462 3362 436
471 3293 592 3347 Iunonis
604 3307 723 3362 magnae
734 3293 847 3344 nomine
858 3291 939 3345 lucus
949 3295 1020 3344 erat
1050 3288 1219 3358 intelligitur
1230 3289 1332 3344 Lichas

179 3376 260 3435 petra
273 3366 326 3434 (M.
340 3365 373 3419 ix.
385 3365 445 3433 226,
460 3365 535 3432 Hyg.
546 3363 591 3432 36)
606 3362 666 3416 siue
680 3361 819 3416 Lichades
832 3361 940 3415 insulae
955 3361 1059 3429 (Strab.
1071 3360 1132 3430 426,
1146 3359 1218 3415 Plin.
1229 3359 1264 3415 iv.
1276 3359 1334 3428 62).

178 3439 249 3492 493.
267 3438 434 3502 praecipiti
454 3451 538 3489 saxo.
577 3433 767 3488 Callimachus
787 3431 855 3487 dicit
875 3429 921 3502 ἀφ’
942 3431 1049 3501 ὑψηλοῦ
1068 3432 1174 3500 τείχεος,
1191 3431 1332 3499 Agathias

178 3508 212 3561 A.
227 3508 257 3562 P.
271 3507 306 3561 xi.
320 3518 379 3575 354.
401 3507 431 3560 18
444 3505 546 3575 τεγέων,
562 3504 661 3558 Cicero
675 3505 729 3557 Pro
750 3504 856 3557 Scauro
869 3503 915 3569 §4
933 3519 969 3556 ex
985 3501 1123 3556 altissimo
1141 3518 1232 3568 muro,
1247 3504 1331 3556 Tusc.

180 3576 262 3647 Disp.
282 3577 299 3631 i.
317 3591 358 3644 34
379 3576 414 3641 84
431 3593 446 3630 e
463 3593 545 3629 muro
562 3577 594 3629 in
612 3592 698 3642 mure,
716 3573 880 3628 Lactantius
898 3572 935 3627 iii.
953 3573 984 3626 18
1001 3573 1183 3642 praecipitem
1201 3589 1230 3625 se
1247 3572 1331 3628 dedit.

178 3651 252 3732 494.
275 3650 340 3739 qui!
356 3646 560 3736 Cleombrotus.
598 3644 802 3736 .C³Hlm³⁶llu?
822 3644 860 3735 ’in
885 3645 920 3699 A.
944 3645 974 3699 Ρ.
998 3642 1044 3732 nii.
1070 3655 1119 3731 47‘1
1135 3639 1332 3733 ἘΙῖποςηἨλιε

177 3739 253 3843 litt:
266 3713 1333 3854 tillimtll‘jtsst‘lllltt«ttlllllltltzttltalantii&

178 3859 317 3930 Agathlas
330 3861 365 3912 A.
379 3860 410 3913 P.
423 3856 459 3912 xl.
472 3870 531 3927 354.
549 3870 579 3924 17
593 3857 624 3910 El
636 3854 660 3911 δ’
672 3857 779 3919 έθέλεις,
792 3857 836 3910 τὸν
847 3856 926 3911 παῖδα
939 3857 1124 3923 Κλεόμβροτον
1134 3850 1332 3923 Ἀμβρακιώτην

178 3934 274 3998 Μιμοῦ,
287 3930 328 3984 καὶ
340 3930 435 4000 τεγέων
447 3929 495 3982 σδν
507 3928 585 3997 δέμας
597 3928 752 3996 ε’κχάλασον.
781 3927 839 3982 Cic.
850 3929 933 3981 Tusc.
943 3925 1025 3995 Disp.
1034 3924 1050 3980 i.
1062 3940 1104 3993 34.
1113 3925 1147 3990 84
1161 3924 1335 3980 Callimachi

176 4004 289 4074 quidem
300 4003 477 4074 epigramma
488 4000 520 4054 in
532 3999 743 4054 Ambraciotam
757 3998 959 4053 Cleombrotum
971 4002 1031 4051 est:
1051 4013 1132 4065 quem
1144 3996 1194 4063 ait,
1208 4012 1293 4064 quom
1305 4009 1332 4050 ei

176 4074 254 4129 nillil
269 4075 411 4129 accidisset
428 4072 577 4138 aduersi,e
592 4087 675 4124 mura
692 4086 720 4122 se
737 4071 769 4123 in
785 4086 865 4122 mare
879 4069 1006 4122 abiecisse
1022 4068 1089 4121 lecto
1101 4066 1233 4120 Platonis
1250 4067 1330 4121 libro.

177 4147 233 4199 Pro
255 4145 362 4200 Scauro
381 4145 395 4211 §
415 4158 433 4210 4
453 4143 499 4196 At
520 4142 655 4196 Graeculi
667 4141 779 4211 quidem
800 4140 893 4193 multa
908 4140 1037 4210 fingunt,
1056 4137 1138 4208 apud
1154 4153 1223 4205 quos
1243 4139 1330 4190 etiam

100 4276 101 4279 ,
177 4217 380 4271 Cleombrotum
390 4215 419 4284 A
422 4213 604 4267 mlraciatam
607 4213 713 4282 semini
722 4228 752 4264 se
762 4228 799 4265 er
808 4211 946 4264 altissimo
953 4210 1157 4280 praecipitasse
1168 4225 1260 4276 muro,
1273 4225 1331 4262 nan

176 4304 231 4356 quo
249 4287 408 4341 acerbitatis
425 4285 571 4353 accepisset
588 4283 707 4352 alzpuza‘,
725 4282 780 4349 sed,
799 4287 833 4335 ut
849 4282 931 4335 uidm
947 4281 1085 4350 scriptum
1103 4278 1185 4349 apud
1201 4279 1329 4347 Graecos,

174 4374 239 4412 curn
256 4359 363 4411 summi
373 4354 541 4426 philosophi
558 4355 690 4409 Platonis
704 4354 840 4424 grauiter
857 4358 885 4405 et
901 4357 1000 4406 ornate
1016 4352 1153 4420 scn'pltum
1172 4349 1278 4403 librum
1296 4351 1330 4404 de

175 4434 264 4481 morte
275 4428 392 4498 legisset,
402 4428 434 4480 in
446 4443 509 4495 quo,
522 4431 557 4479 ut
567 4427 675 4496 opinor,
685 4426 814 4478 Socrates
825 4424 877 4478 illo
889 4425 949 4493 ipso
961 4423 1013 4489 die,
1023 4437 1078 4491 quo
1090 4426 1153 4475 erat
1163 4423 1192 4474 ei
1201 4422 1331 4474 man'un·

174 4498 251 4567 dum,
266 4498 412 4568 pennulta
429 4497 566 4569 disputat,
579 4496 652 4552 lanc
668 4513 724 4552 esse
739 4500 856 4552 martem
872 4510 959 4565 quam
975 4509 1026 4549 nos
1042 4494 1134 4548 uitam
1147 4495 1328 4563 putaremus,
