3082 4980
545 366 871 430 PROLEGOMENA.
1220 371 1290 431 xxiii

136 528 191 603 ipse
210 529 302 604 pati?
325 525 403 585 Nam
424 527 530 603 quibus
551 527 651 586 uerbis
672 546 690 585 a
709 527 814 586 Tacito
834 526 953 586 Cassius
975 527 1099 587 Seuerus
1119 526 1291 588 describitur

136 610 215 685 Arm.
243 611 280 668 iv.
312 627 346 666 21
377 610 504 666 sordidae
536 610 666 685 originis,
696 610 832 686 molnicac
859 609 941 680 uitae,
969 610 1019 667 sed
1045 610 1150 667 orandi
1177 611 1290 668 ualidus

128 700 183 765 per
207 692 366 749 immodicas
394 690 557 747 inimicitias
584 696 617 747 ut
642 691 743 749 i'iidi'ci'o
770 691 865 748 iurati
884 697 996 748 senatus
1020 689 1131 749 Cretam
1153 710 1290 749 amomre-

135 778 183 830 tur
203 773 334 849 effecerat,
350 772 461 831 eisdem
484 771 544 830 fere
567 771 628 830 Ibis
649 771 843 830 adumbratur.
885 771 1042 849 Potuitque
1065 771 1113 830 hic
1135 790 1205 832 sane
1226 773 1290 850 ipse

136 853 258 913 Cassius
275 872 349 912 esse.
392 852 472 910 Nam
491 863 520 911 et
537 851 666 929 aequalis
685 853 743 911 lere
759 852 868 912 Ouidio
883 852 943 924 fuit,
959 871 1027 912 cum
1046 852 1179 912 nondum
1199 872 1290 913 senex

139 935 252 995 Cretam
276 941 390 1006 amotus,
415 944 519 1009 postea
544 934 621 992 bonis
642 941 745 992 exutas
768 935 911 993 interdicto
934 935 1000 1010 igni
1019 940 1100 1009 atque
1122 954 1195 1010 aqua
1216 955 1291 994 saxo

136 1016 256 1093 Seripho
274 1018 445 1075 consenuerit
463 1033 556 1091 usque
575 1017 613 1073 ab
632 1019 711 1074 anno
735 1015 860 1095 777)24,
875 1016 962 1094 (Tac.
981 1017 1061 1074 Arm.
1076 1016 1111 1073 iv.
1128 1013 1189 1091 21),
1208 1027 1237 1075 et
1258 1018 1290 1074 in

137 1099 201 1157 loro
219 1099 343 1157 multum
360 1098 530 1157 uersabatur
547 1097 597 1174 qui
613 1096 739 1174 aliquem
757 1116 872 1174 semper
891 1107 1042 1157 accusaret
1057 1096 1138 1177 (Seu.
1152 1097 1289 1175 Excerpt.

139 1180 280 1240 Controu.
298 1177 339 1256 5),
353 1179 431 1237 unde
451 1179 522 1238 illud
536 1179 663 1255 Augusti
676 1197 723 1255 ap.
739 1177 870 1238 Macrob.
886 1180 914 1239 ii.
930 1198 957 1252 4.
973 1199 991 1255 9
1008 1178 1080 1239 Cum
1095 1180 1179 1238 multi
1189 1178 1291 1238 Seuero

141 1262 241 1321 Cassio
257 1266 403 1320 accusante
420 1261 626 1319 absolmrcntur
640 1266 666 1318 et
681 1261 846 1319 architectus
854 1260 927 1337 sori
938 1261 1067 1338 Augusti
1080 1262 1292 1336 expectationem

138 1344 229 1419 operis¹
239 1345 288 1400 aliu
303 1343 429 1400 traheret
442 1344 481 1399 ita
493 1344 597 1399 iocatus
610 1348 665 1400 est:
688 1341 784 1400 Vellem
797 1342 912 1402 Cassius
922 1347 949 1399 et
958 1343 1152 1420 mcumfarum
1166 1349 1290 1411 accuset,·

139 1434 168 1483 et
198 1427 277 1482 uiros
300 1425 481 1501 feminasque
513 1425 644 1480 inlustres
672 1423 836 1497 procacibus
870 1425 982 1499 scriptis
1014 1424 1181 1500 diffamabat
1204 1421 1291 1502 (Tac.

139 1505 218 1562 Arm.
234 1507 253 1563 i.
269 1505 330 1582 72),
348 1514 376 1562 et
398 1504 581 1580 eloquentiae
603 1505 723 1562 nomine
744 1523 848 1564 omnes
867 1506 911 1563 sui
933 1507 1073 1582 temporis
1095 1506 1219 1564 disertos
1239 1522 1291 1564 an-
1392 1508 1396 1518 ”

140 1587 293 1645 tecellebat
313 1585 401 1663 (Dial.
425 1586 461 1643 de
476 1584 598 1644 Orator.
616 1604 662 1660 19,
684 1587 729 1657 26,
753 1585 873 1657 Quintil.
893 1603 921 1646 x.
940 1605 963 1645 1.
983 1583 1052 1663 116)
1073 1586 1230 1663 praecipue
1251 1587 1292 1644 ob

141 1685 257 1726 amaros
273 1666 348 1726 sales
363 1667 468 1744 quibus
482 1666 669 1743 asperitatem
683 1667 789 1726 indolis
799 1667 987 1744 eloquebatur
999 1665 1132 1745 (Quintil.
1141 1668 1176 1726 vi.
1190 1686 1217 1742 3.
1230 1665 1291 1745 27),

141 1759 170 1808 et
183 1749 343 1825 litterarum
362 1748 509 1807 studiosus
528 1746 590 1817 fuit,
606 1748 635 1805 id
654 1749 735 1823 quod
752 1748 932 1808 demonstrat
946 1749 1009 1808 eius
1028 1749 1064 1808 de
1078 1749 1202 1808 Publilio
1218 1748 1292 1826 Syro

140 1830 281 1889 iudicium
297 1829 377 1908 (Seu.
393 1828 480 1887 Cont.
496 1829 541 1887 vii.
561 1832 605 1887 18.
622 1825 655 1907 8)
673 1839 702 1887 et
721 1830 871 1888 admiratio
890 1848 949 1907 qua
963 1831 1085 1888 Labieni
1098 1830 1188 1889 libros
1201 1830 1292 1889 edidi·

140 1912 216 1972 cisse
238 1931 270 1970 se
291 1921 411 1970 testatur
432 1929 479 1987 ap.
500 1910 568 1969 Sen.
589 1910 676 1969 Cont.
694 1930 721 1969 x.
742 1911 834 1970 Praei.
851 1915 877 1983 8,
893 1922 922 1971 et
942 1911 979 1971 de
993 1912 1131 1989 Aegypto
1153 1912 1292 1988 scriptum

139 1993 230 2053 edidit
244 1990 329 2071 (Plin.
344 1992 410 2050 Ind.
425 2011 511 2064 xxxV,
526 1992 615 2051 Prisc.
630 1993 667 2051 ix.
684 1990 735 2071 53)
757 2002 786 2052 et
802 2011 866 2070 quo
887 2011 966 2053 anno
986 1994 1016 2052 in
1035 1994 1153 2052 exilium
1168 1993 1295 2068 Ouidius

139 2076 198 2146 iuit,
214 2075 276 2151 ipse
294 2073 419 2145 Romae,
434 2084 466 2133 ut
484 2074 606 2145 uidetur,
620 2073 682 2146 fuit,
698 2075 825 2133 necdum
840 2073 957 2134 Cretam
978 2084 1094 2134 amotus
1111 2087 1163 2134 est.
1206 2074 1292 2147 Quae

140 2158 219 2215 enim
240 2155 326 2214 tradit
347 2155 468 2214 Tacitus
488 2154 567 2213 Ani.
585 2156 603 2213 i.
627 2168 674 2229 72,
696 2157 823 2232 primum
843 2158 1011 2232 Augustum
1033 2157 1234 2232 cognitionem
1254 2156 1292 2215 de

140 2237 261 2296 famosis
280 2237 383 2295 libellis
400 2237 498 2312 specie
512 2236 585 2312 legis
605 2238 667 2296 eius
682 2235 732 2316 (de
749 2235 912 2316 maiestate)
925 2239 1093 2297 tractauisse
1110 2247 1292 2298 commotum

143 2319 236 2378 Cassii
246 2319 344 2377 Seueri
358 2318 477 2376 libidine
492 2336 550 2395 qua
564 2319 642 2377 uiros
657 2319 837 2395 feminasque
851 2319 983 2379 inlustres
993 2320 1167 2396 procacibus
1178 2319 1292 2396 scriptis

142 2401 331 2472 diffamasset,
345 2401 421 2458 bene
441 2411 650 2475 perspexerunt
665 2400 846 2461 Weichertus
865 2400 901 2459 de
915 2401 1020 2460 Cassio
1035 2401 1184 2460 Parmensi
1197 2418 1226 2477 p.
1245 2415 1291 2474 15,

142 2481 278 2560 Meyerus
300 2480 415 2539 Orator.
438 2479 565 2539 Roman.
587 2481 706 2558 Fragm.
720 2501 749 2559 p.
766 2497 825 2558 530
846 2483 885 2541 ad
905 2482 983 2540 idem
1003 2481 1155 2541 referenda
1175 2492 1292 2558 tempus

142 2582 207 2623 esse
222 2582 257 2623 ac
271 2563 377 2621 Dionis
390 2565 438 2636 56.
452 2576 488 2637 27
502 2566 542 2619 καὶ
554 2565 642 2636 μαθὼν
650 2562 825 2643 (Αὔγουστος)
835 2566 875 2622 ὅτι
888 2565 1059 2632 βιβλίαᾶττα
1072 2564 1115 2638 ἐφ’
1130 2563 1204 2637 ὕβρει
1217 2570 1293 2620 τινῶν

142 2648 332 2720 συγγράφοιτο,
345 2643 448 2715 ζήτησιν
459 2645 690 2717 caecutientium
701 2648 741 2702 καὶ
752 2647 832 2702 ε’κεῖνά
841 2671 879 2712 τε,
891 2649 923 2702 τὰ
936 2648 983 2717 μὲν
996 2647 1023 2702 ε’ν
1032 2651 1063 2718 τῇ
1073 2650 1149 2703 πόλει
1159 2647 1293 2718 εὑρεθέντα

141 2730 206 2800 πρὸς
219 2733 277 2795 τῶνχ
282 2728 454 2800 ἀγορανόμων,
469 2728 501 2781 τὰ
515 2727 543 2781 δὲ
557 2729 606 2799 ἔξω
620 2729 684 2800 πρὸς
697 2733 748 2782 τῶν
761 2729 916 2800 ἑκασταχόθι
929 2729 1060 2800 ἀρχόντων
1069 2728 1220 2800 κατέφλεξε,
1231 2726 1260 2785 h.
1266 2745 1291 2785 e.
1323 2752 1325 2757 ·

142 2808 180 2867 ad
198 2805 330 2886 765)ι2;
357 2806 494 2866 Cassium
510 2816 607 2866 autem
623 2807 735 2866 Romae
756 2807 845 2867 fuisse
866 2825 933 2867 cum
948 2809 1071 2867 Labieni
1092 2810 1198 2886 scripta
1221 2825 1292 2867 con-

141 2891 313 2948 burerentur
327 2888 399 2947 alius
413 2888 492 2947 testis
507 2898 550 2947 est
565 2887 678 2948 Seneca
692 2889 778 2948 Cont.
793 2909 821 2948 x.
836 2889 928 2948 Praef.
946 2891 973 2950 8.
1017 2890 1074 2949 Sed
1089 2901 1118 2950 et
1131 2891 1293 2968 imperante

142 2971 264 3029 Tiberio
285 2971 315 3029 in
341 2978 444 3029 senatu
465 2969 592 3028 adfuisse
614 2969 684 3030 dicit
705 2970 874 3030 Plutarchus
896 2988 943 3047 ap.
965 2971 1119 3031 Weichert.
1141 2991 1170 3050 p.
1191 2974 1237 3044 16,
1255 2972 1292 3030 cf.

141 3050 296 3110 Drumann
310 3052 337 3109 ii.
352 3071 380 3128 p.
399 3049 482 3109 rba*

126 3193 129 3201 ,
184 3133 239 3192 Per
253 3133 320 3192 Ibin
339 3141 438 3190 tamen
456 3150 518 3190 non
536 3132 615 3191 hunc
634 3131 778 3208 designari
798 3133 907 3191 idcirco
929 3132 1099 3192 crediderim
1120 3134 1200 3212 quod
1214 3134 1294 3195 nulla

143 3215 286 3274 eiusmodi
300 3224 379 3292 extet
392 3214 540 3272 memoria.
576 3212 694 3273 Cassius
708 3215 787 3272 enim
801 3215 969 3274 notissimus
983 3213 1044 3286 fuit,
1059 3225 1091 3273 ut
1103 3217 1154 3274 uix
1168 3217 1294 3292 potuerit

143 3298 240 3369 latere,
256 3297 280 3356 si
298 3297 373 3354 inter
392 3297 472 3354 uiros
493 3313 568 3372 quos
589 3295 758 3367 diffamarat,
774 3295 914 3354 Ouidium
934 3314 1052 3373 quoque
1072 3296 1185 3373 insequi
1205 3315 1293 3357 ausus

40 3434 42 3438 .
143 3389 228 3437 esset.
271 3378 351 3450 Quid
366 3377 446 3453 quod
465 3378 523 3435 iam
545 3377 642 3436 multis
656 3388 723 3436 ante
737 3378 821 3436 annis
836 3377 992 3437 Horatium
1008 3378 1110 3437 dicitur
1124 3379 1294 3438 insecutus?

143 3459 222 3518 Nam
237 3460 261 3519 si
281 3459 443 3518 scholiastis
462 3458 615 3530 credimus
629 3459 660 3517 in
675 3458 811 3518 Cassium
826 3458 968 3518 Seuerum
982 3459 1105 3537 Epodos
1119 3471 1202 3520 sexta
1219 3459 1298 3530 Quid

144 3543 311 3599 immerentis
322 3541 438 3615 hospites
452 3559 543 3598 uenas
556 3542 661 3598 cani‘sr’
681 3542 847 3618 composita
865 3551 917 3600 est.
948 3542 1028 3613 Quid
1040 3542 1121 3618 quod
1131 3541 1295 3618 Longulam

144 3624 174 3680 in
198 3624 311 3700 oppido
332 3622 407 3680 Latii
432 3640 449 3679 a
471 3621 616 3698 plerisque
640 3632 721 3681 ortus
746 3624 871 3681 creditur
895 3642 932 3682 ex
953 3624 1054 3683 Indice
1075 3624 1207 3683 Pliniano
1229 3624 1295 3684 libri

146 3705 185 3762 H.
197 3704 235 3763 N.
244 3705 343 3763 xxxv?
366 3703 413 3762 Sic
424 3704 503 3762 enim
518 3705 542 3762 is
552 3703 633 3762 locus
644 3703 797 3764 distinctus
807 3705 909 3782 legitur
919 3706 950 3763 in
961 3705 1135 3764 editionibus
1148 3706 1295 3765 Harduini

145 3796 174 3844 et
189 3785 289 3861 Silligii
299 3784 356 3844 Ex
370 3786 564 3844 auctoribus..
578 3828 584 3843 .
596 3783 722 3858 Melissa,
742 3786 879 3858 h⁷itruuiq
893 3786 992 3845 Cassio
1006 3786 1109 3847 Seuero
1118 3787 1295 3864 Longulam,

146 3867 238 3926 Fabii
260 3868 363 3926 Vestali
383 3869 436 3942 qni
452 3869 483 3924 de
496 3868 612 3942 pictura
632 3869 752 3943 scripsit.
796 3867 873 3927 Sane
894 3878 1008 3944 poterat
1029 3869 1237 3946 Longulanum
1258 3887 1296 3928 eo

146 3949 269 4007 consilio
284 3949 393 4007 Plinius
414 3948 522 4007 addere
542 3958 574 4006 ut
595 3967 612 4006 a
633 3949 736 4009 Cassio
758 3950 916 4008 Parmense
937 3949 1016 4027 (Iud.
1037 3949 1120 4028 xxxi)
1141 3961 1170 4010 et
1190 3949 1296 4009 Cassio

146 4029 278 4089 Hemina
303 4028 380 4108 (Iud.
409 4029 501 4109 xxxii)
530 4029 714 4090 discerneret.
757 4030 816 4090 Sed
846 4050 915 4090 uere
942 4032 1056 4091 uidetur
1076 4030 1219 4108 Bergkius
1248 4048 1295 4107 ap.

146 4111 297 4172 Ritschelii
311 4112 426 4189 Parerg.
441 4112 562 4170 Plautin.
578 4112 596 4170 i.
611 4130 640 4187 p.
656 4131 695 4183 40
710 4113 882 4172 obseruasse
897 4113 1021 4171 Plinium
1038 4114 1069 4171 in
1089 4113 1134 4172 his
1152 4113 1297 4172 indicibus

179 4254 194 4288 *
211 4253 381 4314 Hieronymum
394 4268 440 4300 non
452 4252 519 4300 multi
531 4252 599 4308 facio,
612 4252 650 4315 qui
662 4254 690 4300 ad
702 4255 732 4300 A.
744 4254 799 4302 Abs.
813 4252 884 4314 2048,
896 4254 934 4302 Ol.
948 4267 1002 4304 202.
1015 4270 1031 4317 4
1042 4253 1100 4302 haec
1111 4253 1188 4312 habet,
1202 4253 1297 4302 Cassius

146 4320 246 4365 Seuerus
257 4329 338 4366 orator
348 4319 458 4383 egregius
469 4320 509 4381 qui
521 4318 673 4384 Qinti‘annm
684 4319 745 4367 illud
757 4319 906 4380 prouerbium
917 4320 1007 4369 luserat
1018 4335 1065 4367 xxv
1077 4319 1142 4367 exilii
1152 4320 1188 4366 sui
1198 4335 1260 4366 anno
1271 4320 1297 4367 in

146 4399 236 4431 summa
253 4384 332 4444 inopia
349 4385 450 4432 moritur
467 4384 507 4431 uin
520 4392 600 4444 panno
616 4384 717 4431 uerenda
733 4389 852 4432 contectus.
888 4386 951 4432 Nam
962 4387 980 4432 si
991 4385 1037 4433 hoc
1047 4400 1109 4432 anno
1120 4384 1144 4436 h.
1152 4401 1173 4434 e.
1185 4387 1214 4436 A.
1221 4386 1251 4438 D.
1264 4399 1295 4449 3²

148 4459 253 4497 mortuus
264 4457 307 4508 est,
320 4448 393 4497 factus
404 4457 438 4498 est
449 4451 502 4497 exul
514 4452 559 4497 iarn
571 4464 632 4496 anno
645 4458 668 4512 7.
702 4449 750 4511 (Cf.
762 4450 857 4498 Clintou
868 4451 894 4501 F.
906 4451 936 4500 R.
948 4452 963 4500 i.
980 4465 1043 4515 pp.9
1055 4460 1078 4500 et
1092 4449 1140 4515 19).
