3038 4988
517 379 865 441 COMMENTARIVS.
1125 444 1128 447 ,
1212 384 1268 439 127

114 537 168 592 nisi
186 538 258 591 forte
273 535 421 607 respicitur
438 553 508 604 gens
527 535 605 605 regia
618 537 693 590 unde
708 536 825 591 Limone
843 545 904 590 orta
917 545 978 590 est:
999 545 1026 590 et
1045 535 1085 590 sic
1105 553 1173 590 sane
1192 535 1270 592 dicta

114 619 157 664 est
168 608 325 662 Ereclitlcea
337 609 417 662 dorna
432 610 462 661 F.
477 626 501 661 v.
516 622 575 674 204.
624 611 726 662 fertur
742 625 828 677 quem
844 608 1016 662 admodum
1035 606 1146 661 Troilus
1164 610 1234 661 Aen.
1250 607 1267 663 i.

113 680 166 746 476
187 681 298 733 Fertur
315 681 394 747 equis
414 695 557 749 curruque
576 677 672 733 haeret
692 681 844 748 resupinus
864 679 955 732 c'nani.
1087 682 1156 732 338.
1174 685 1268 743 turpe

115 748 472 804 ‘dishonoured'alnatie'u
535 803 537 805 ,
580 752 649 803 339.
667 754 805 804 Viscera.
838 751 904 803 Eur.
919 749 1021 802 Troad.
1036 763 1071 818 90
1085 750 1111 802 ai
1125 749 1269 818 Καφήρειοί

113 819 135 874 τ’
154 821 228 889 όκραι
249 822 362 873 Πολλῶν
382 820 510 873 θανόντων
529 817 642 888 σώμαθ’
661 819 765 891 ἕξουσιν
781 824 883 891 νεκρῶν.
911 822 989 884 figat
1006 820 1162 888 transfigat.
1193 823 1269 873 olim

115 892 183 944 dum
195 890 302 945 reditus
315 891 345 944 fit
358 908 376 944 a
388 889 475 944 Troia
487 889 645 944 Graiorum.
800 893 871 946 340.
890 895 949 945 eub
962 900 1010 944 aut
1022 891 1060 944 ad
1073 890 1269 943 imminentem

116 963 294 1030 Caphareum
307 961 431 1028 refertur,
445 971 493 1015 aut
506 960 543 1014 ad
555 962 646 1015 undas
660 960 761 1032 quibus
777 971 873 1015 cautes
886 970 1026 1030 teguntur.
1063 961 1143 1014 Prius
1158 961 1270 1014 uidetur

114 1031 273 1101 significare
295 1033 405 1086 Seneca
425 1034 526 1098 Agam.
549 1033 671 1100 558-560
687 1034 744 1085 Est
764 1033 882 1086 humilis
903 1033 988 1100 uncta,
1007 1034 1131 1100 scrupeis
1149 1034 1272 1086 mendax

115 1105 205 1170 uadis,
229 1104 281 1156 Vbi
301 1121 372 1156 sura
393 1103 504 1171 rapidis
528 1103 607 1156 clusa
628 1104 778 1158 uerticibus
796 1105 880 1174 tegit
897 1104 1007 1157 Fallax
1026 1102 1213 1173 Caplzareus.
1236 1144 1241 1156 .
1261 1143 1267 1157 .

115 1174 184 1228 Arx
194 1175 323 1226 imminet
328 1177 496 1243 praerupta.
536 1175 603 1226 Non
620 1184 663 1228 est
682 1173 723 1228 ‘at
737 1175 786 1228 the
803 1175 913 1228 bottom
933 1173 965 1226 of
979 1175 1027 1227 the
1045 1174 1183 1227 Euboean
1196 1173 1258 1241 guli
1263 1175 1269 1202 ³

115 1244 154 1298 uti
177 1243 260 1298 vertit
283 1246 383 1314 Henry
404 1244 443 1298 ad
463 1245 533 1298 Aen.
557 1243 574 1296 i.
595 1245 637 1310 48.
674 1248 821 1299 Euboico.
859 1245 1023 1314 Caphareus
1043 1244 1269 1314 promunturium

116 1314 251 1370 Euboeae
270 1315 308 1368 ad
326 1314 481 1368 meridiem.
502 1316 570 1369 Mel.
592 1314 618 1368 ii.
639 1329 695 1381 107.
734 1315 782 1370 Sic
804 1315 888 1370 Trist.
911 1315 927 1369 i.
952 1331 972 1368 1.
995 1316 1038 1383 84,
1060 1333 1085 1369 v.
1107 1327 1131 1380 7.
1153 1326 1195 1383 35,
1219 1315 1268 1370 Sil.

115 1385 167 1439 xiv.
185 1400 241 1451 144.
280 1389 377 1439 Graia
389 1385 546 1440 Graiorum.
584 1389 658 1440 sinu
672 1389 739 1440 Tro.
753 1388 785 1454 85
800 1389 887 1439 κοῖλον
900 1385 1010 1449 Εὐβοίας
1022 1387 1112 1455 μυχόν.
1202 1389 1269 1439 341.

114 1459 203 1510 ferox
223 1463 332 1520 raptor
348 1456 421 1509 Aiax
439 1456 536 1510 Oileus
556 1456 603 1525 qui
622 1475 640 1509 α
659 1459 771 1538 uirgine
791 1456 929 1525 (Pallade)
951 1458 1064 1527 uirgine
1082 1455 1268 1525 (Cassandra)

115 1531 200 1596 rapta
221 1527 304 1595 (Met.
325 1526 379 1581 xiv.
399 1526 462 1594 468)
485 1543 608 1597 poenam
629 1527 680 1581 luit
702 1538 773 1582 lctus
799 1528 922 1596 fulmine,
944 1544 1010 1580 mox
1029 1544 1138 1581 mersus
1158 1527 1267 1595 pelage.

115 1603 146 1651 et
157 1600 291 1651 fulmine
303 1603 334 1652 et
346 1614 480 1661 aequore
498 1599 562 1652 Sen.
579 1599 657 1652 Med.
670 1599 724 1652 660
735 1600 869 1652 Fulmine
885 1605 912 1653 et
922 1602 1011 1668 panto
1028 1601 1149 1651 marcens
1164 1599 1266 1652 Oileus.

115 1670 185 1723 Aen.
205 1668 222 1723 i.
239 1683 282 1736 44,
296 1682 338 1737 45.
439 1671 510 1723 342.
528 1671 657 1723 adiuuet
677 1674 762 1735 ignia
783 1686 882 1733 aquae
902 1671 953 1738 Ag.
975 1669 1028 1737 650
1046 1671 1201 1734 Συνώροααν
1219 1669 1269 1738 γὰρ

115 1738 187 1794 ὄντες
204 1739 323 1808 ἔχθιστοι
345 1740 374 1792 τό
392 1741 453 1809 πρὶν
471 1744 529 1808 Πῦρ
548 1741 588 1792 καὶ
607 1740 738 1794 θάλασσα.
786 1741 888 1794 Milton
909 1742 938 1794 P.
963 1741 997 1794 R.
1020 1739 1054 1793 iv.
1074 1754 1125 1805 412
1152 1738 1269 1793 ‘Fierce

115 1809 176 1863 rain
199 1809 264 1864 with
287 1809 427 1879 lightning
446 1809 524 1878 mixt,
546 1821 632 1864 water
654 1810 719 1864 with
742 1812 791 1865 fire
816 1814 848 1865 ln
868 1811 948 1864 ruine
969 1810 1128 1864 reconcild.'
1199 1813 1269 1864 343.

115 1895 226 1935 uecors
247 1884 384 1946 agitetur
403 1898 502 1935 uecors
525 1881 573 1935 fiat
595 1890 623 1935 et
645 1882 773 1950 agitetur.
855 1885 924 1936 344.
944 1885 1053 1935 Vnum
1073 1885 1134 1946 qui.
1174 1881 1268 1934 Schol.

116 1951 152 2004 de
178 1954 294 2020 Marsya
320 1953 365 2006 uel
394 1953 520 2006 Pentheo
548 1952 702 2007 intellexit:
731 1971 799 2006 nam
825 1954 958 2021 Marsyae
981 1955 1055 2006 cutis
1080 1957 1121 2006 est
1147 1969 1270 2004 summas

115 2023 227 2091 dc'repta
234 2026 291 2091 per
300 2029 389 2090 anus,
403 2024 463 2077 Nec
473 2024 623 2092 quicquain
636 2025 696 2077 nisi
709 2024 816 2077 uulnus
831 2030 894 2077 erat
907 2024 960 2091 (M.
973 2023 1009 2077 vi.
1023 2022 1085 2091 388)
1098 2041 1104 2075 ε
1127 2023 1269 2075 Pentheus

116 2098 217 2146 trunca
236 2094 356 2148 ostendit
371 2095 482 2148 deiectis
499 2098 617 2164 corpora
635 2095 764 2148 membris
784 2096 823 2148 M.
837 2094 873 2148 iii.
889 2108 948 2161 724.
988 2095 1045 2148 Sed
1062 2093 1165 2147 rectius
1183 2095 1269 2147 lanus

118 2163 283 2217 Parrhasius
296 2163 388 2234 Epist.
404 2179 440 2232 44
459 2164 657 2234 interpretatus
677 2175 719 2219 est
739 2165 775 2219 de
789 2165 878 2219 Aiace
898 2164 960 2235 ‘qui
979 2165 1052 2218 ferro
1066 2164 1167 2218 dicitur
1181 2163 1269 2218 fuisse

18 2272 19 2276 ,
116 2233 337 2303 impenetrabilis
357 2246 468 2304 praeter
486 2235 630 2289 sinistrum
647 2238 720 2290 latus
739 2236 815 2305 quod
833 2235 944 2290 obiecto
963 2237 1063 2304 clypeo
1081 2234 1204 2302 tegebat,
1224 2235 1269 2289 uel

117 2314 146 2358 ut
165 2305 211 2358 alii
231 2305 345 2359 tradunt
367 2306 510 2375 iugulum)
555 2308 628 2360 Rem
650 2317 744 2361 narrat
766 2307 904 2361 Pindarus
929 2308 1026 2360 Isthm.
1050 2325 1067 2359 ν
1088 2305 1148 2374 (vi).
1172 2318 1268 2374 35-54,

117 2374 163 2429 ubi
188 2375 256 2429 dicit
278 2378 439 2445 Herculem,
459 2395 476 2431 a
495 2378 651 2432 Telamone
673 2377 822 2432 inuitatum
844 2377 960 2447 poculis,
980 2394 1076 2431 orasse
1098 2386 1128 2430 ut
1149 2377 1215 2430 huic
1235 2395 1269 2430 ex

117 2446 236 2515 coniuge
254 2447 379 2501 Eriboea
398 2448 470 2501 filius
489 2449 568 2516 soret,
588 2465 705 2518 corpore
727 2459 785 2502 tam
804 2448 1011 2518 impenetrabili
1031 2446 1169 2517 (ἅῤῥηκτον
1186 2447 1270 2516 φυὰν)

117 2533 202 2587 quam
221 2528 296 2572 esset
315 2519 405 2572 leonis
420 2519 500 2588 pellis
514 2536 599 2589 quam
617 2519 678 2588 ipse
697 2529 814 2589 gereret.
853 2521 918 2588 Lyc.
932 2531 1056 2587 454-459
1069 2519 1104 2573 de
1116 2518 1205 2572 Aiace
1217 2522 1269 2570 Τοῦ

116 2587 222 2642 λόσσαν
240 2588 268 2641 ἐν
284 2590 423 2657 ποίμνῃσιν
441 2588 610 2660 αἷχματηρίαν
628 2588 747 2658 Χέαντος,
766 2589 795 2643 ὃν
813 2591 934 2661 Χάρωνος
951 2590 1073 2657 ὠμηστοῦ
1092 2590 1155 2658 δορὰ
1175 2590 1268 2658 Χαλκῷ

116 2660 224 2728 τορητόν
242 2660 286 2712 obit
307 2660 409 2726 ἔτευξεν
427 2661 454 2713 ἐν
474 2661 553 2729 μάχῃ,
574 2661 652 2715 Μίαν
675 2663 750 2731 πρὸς
767 2660 842 2730 ᾅδην
866 2662 915 2714 καὶ
939 2660 1072 2730 &birotis
1095 2659 1270 2727 πεπαμένον

117 2728 278 2797 Κέλευθον,
295 2730 342 2784 ubi
356 2734 470 2786 Tzetzes
483 2732 631 2801 Αὐξηθέντα
643 2732 671 2784 δὲ
683 2732 715 2800 τῇ
727 2735 818 2800 λεοντῇ
831 2737 923 2786 τοῦτον
933 2730 1065 2800 Ἡρακλῆα
1077 2731 1208 2785 ε’σκέπασε
1227 2733 1269 2784 καὶ

116 2799 283 2871 ταῦτηναῦτῴ
291 2801 442 2871 ἐχαρίσατο·
456 2801 534 2872 cidiis
542 2803 706 2872 σκεπόμενος,
714 2804 888 2870 ὡςληροῦσιν,
896 2803 1009 2871 ότρωτος
1017 2800 1128 2869 vinalia
1136 2804 1215 2869 μόνου
1222 2805 1268 2854 τοῦ

116 2873 206 2938 τόπου,
219 2873 282 2923 κατά
294 2894 372 2939 τινας,
385 2876 430 2926 τοῦ
444 2873 604 2942 σκεπομένου
616 2875 704 2942 πρώην
719 2874 769 2927 ὑπὸ
787 2879 833 2926 τοῦ
849 2877 975 2942 γωρυτοῦ,
989 2872 1032 2926 ότε
1044 2871 1138 2940 ταύτην
1150 2873 1241 2941 ἐφόρει
1254 2874 1268 2924 ὁ

116 2939 255 3010 Ἡρακλῆς·
275 2943 318 2996 ὅτε
336 2944 364 2996 δὲ
383 2945 397 2995 ὁ
416 2943 486 3010 Aias,
499 2944 549 2997 ὑπὸ
566 2948 613 2997 τοῦ
632 2945 735 2999 σάκους.
767 2941 865 2997 ”Atta
886 2944 915 2996 δέ
933 2947 1016 3013 φασιν
1037 2945 1095 3011 περὶ
1114 2943 1159 3008 τὴν
1178 2942 1268 2994 κλεῖδα

116 3017 214 3081 τρῶτον
232 3007 294 3067 εἶναι
312 3015 357 3066 τὸν
375 3012 477 3068 Αἴαντα.
524 3015 687 3069 Secundum
705 3016 879 3083 Aeschylum
901 3015 949 3068 ala
970 3023 1080 3068 tantum
1099 3014 1199 3066 uulnus
1219 3014 1268 3066 ad-

116 3083 255 3152 mittebat,
277 3094 349 3138 teste
373 3086 465 3140 Schol.
485 3088 556 3140 Ven.
578 3087 608 3139 ll.
629 3085 681 3140 xiv.
702 3101 761 3152 404.
800 3085 874 3139 Vide
895 3085 1067 3138 Lobeckium
1086 3084 1124 3137 ad
1142 3084 1186 3138 Ai.
1207 3085 1267 3151 834.

116 3158 234 3208 uttlnue
255 3172 306 3224 pro
328 3156 390 3209 loco
415 3157 538 3211 uulneris
562 3156 595 3210 ‘a
617 3157 778 3210 vulnerable
800 3155 896 3225 point?
942 3158 1009 3208 Non
1031 3154 1180 3208 dissimilia
1202 3165 1268 3208 sunt

118 3225 200 3294 Prop.
214 3225 240 3279 ii.
255 3241 296 3279 22.
312 3239 327 3292 7
346 3234 489 3295 quaerunt
503 3228 559 3281 sibi
573 3228 681 3281 uulnus
692 3229 773 3281 ocelli
784 3228 810 3281 h.
821 3244 845 3282 e.
859 3227 934 3280 unde
947 3227 1135 3293 uulnerentur,
1151 3226 1216 3279 Luc.
1232 3226 1267 3280 iv.

117 3295 169 3361 764
181 3296 271 3350 ablata
284 3298 401 3351 uulnere
413 3299 439 3352 h.
449 3317 473 3354 e.
487 3299 554 3353 data
566 3298 699 3352 facultate
712 3297 886 3352 uulnerandi.
925 3297 982 3351 Sed
995 3298 1102 3349 uulnus
1113 3296 1211 3349 babere
1223 3314 1268 3365 ap.

118 3366 253 3419 Ouidium
265 3367 336 3421 alias
349 3379 392 3422 est
407 3368 556 3424 uulnerari.
627 3372 724 3423 habet
736 3378 766 3423 ut
780 3384 830 3436 312
844 3368 880 3422 de
893 3385 923 3422 re
935 3366 1087 3437 praeterita
1100 3367 1179 3420 cuius
1192 3377 1268 3421 extat

117 3437 261 3492 memoria.
285 3438 332 3493 Sic
335 3440 503 3509 fertur336.
540 3443 611 3493 345.
622 3444 836 3505 Dryantiadae
850 3441 978 3507 Lycurgo
993 3437 1068 3492 Il.vi.
1083 3453 1133 3505 130
1141 3436 1270 3508 Δρύαντος

117 3508 170 3561 vids
178 3510 299 3576 κρατερὸς
307 3513 461 3579 Λυκόοργος.
490 3512 570 3565 idem
581 3529 598 3565 a
610 3512 750 3581 Sophocle
760 3511 912 3579 Antig.955
924 3520 1041 3563 uocatur
1048 3511 1129 3563 παῖςὸ
1139 3508 1269 3579 Δρύαντος

117 3574 237 3632 Ἠδωνῶν
249 3579 383 3643 βασιλεύς.
413 3585 599 3650 Rhodopeia
609 3599 715 3651 regna,
729 3582 763 3636 cf.
779 3585 847 3636 Her.
861 3597 886 3636 2.
903 3596 959 3649 113.
996 3580 1069 3633 Aiax
1082 3589 1109 3633 et
1124 3581 1267 3649 Lycurgus

117 3658 263 3718 tamquam
287 3652 324 3705 ob
349 3651 490 3706 insaniam
514 3670 545 3707 se
570 3653 623 3722 ipsi
655 3653 854 3707 interficientes
880 3652 1086 3720 coniunguntur
1115 3651 1201 3705 etiam
1230 3652 1266 3705 ab

119 3720 234 3788 Hygino
247 3736 307 3789 242.
343 3725 412 3778 346.
432 3726 506 3793 Hyg.
524 3739 572 3792 132
586 3724 733 3795 Lycurgus
745 3725 885 3792 Dryantis
895 3725 981 3793 filius
992 3723 1125 3776 Liberum
1137 3723 1171 3775 de
1182 3739 1268 3792 regno

109 3790 238 3859 fugauit.
261 3811 343 3862 quern
355 3811 418 3847 cum
430 3801 546 3865 negaret
557 3796 639 3849 deum
651 3813 706 3848 esse
719 3797 874 3864 uirumque
885 3796 995 3848 bibisset
1005 3799 1033 3847 et
1043 3794 1137 3846 ebrius
1149 3800 1267 3847 matrem

116 3878 198 3913 snam
211 3864 321 3917 ucblure
335 3865 477 3934 ualuisset,
490 3870 558 3920 tunc
570 3868 642 3919 uites
656 3867 778 3920 ercc'elere
795 3873 836 3920 est
851 3871 974 3933 conatus,
987 3865 1065 3934 quad
1076 3866 1179 3918 diceret
1194 3863 1272 3917 illud

117 3933 224 3985 malurn
246 3936 476 3989 medicamentum
500 3954 563 4004 esse,
585 3938 662 4006 quod
683 3942 785 3990 mentes
806 3939 978 3990 immutaret.
1020 3937 1074 4005 qui
1095 3936 1210 3987 insania
1234 3934 1268 3986 ab

116 4002 216 4057 Libero
237 4005 339 4059 abiecta
358 4024 473 4059 uxorem
494 4025 575 4060 suain
595 4012 623 4061 et
632 4009 733 4076 filium
754 4009 899 4076 interfecit.
937 4008 1086 4075 ipsumque
1105 4005 1268 4074 Lycurgum

112 4073 263 4142 pantheris
284 4077 380 4131 abiecit
397 4077 429 4130 in
443 4078 614 4147 Rhodope,
633 4080 685 4146 qui
702 4095 781 4148 rnaus
797 4083 838 4131 est
858 4078 1001 4144 Thraciae,
1017 4078 1098 4129 cuius
1116 4077 1268 4144 imperium

117 4143 222 4199 babuit.
256 4146 309 4200 hic
327 4147 584 4202 traditurunum
597 4149 716 4218 pedem
734 4148 798 4201 sibi
811 4165 869 4217 pro
883 4148 1007 4201 uitibus
1021 4146 1196 4200 excidisse.
1226 4146 1268 4201 Cf.

119 4214 198 4268 Seru.
212 4216 249 4269 ad
261 4219 331 4272 Aen.
347 4218 384 4273 iii.
401 4234 440 4287 14,
455 4220 550 4273 Schol.
564 4221 629 4273 Luc.
644 4219 662 4272 i.
678 4231 708 4287 57
713 4231 736 4286 5,
749 4217 785 4272 iii.
800 4234 861 4285 431.
900 4218 984 4285 Hinc,
998 4217 1074 4287 quod
1087 4217 1175 4271 altero
1188 4233 1269 4270 crure

118 4296 264 4353 amputato
277 4289 365 4342 altero
377 4299 488 4343 tantum
498 4289 642 4359 crepidam
654 4299 772 4357 gereret,
784 4289 958 4358 μονοκρηπῐδα
971 4288 1078 4341 dictum
1089 4287 1176 4341 fuisse
1188 4296 1269 4356 putat

120 4356 194 4410 Salu.
209 4356 238 4410 in
251 4359 454 4428 epigrammate
472 4361 662 4429 Anthologiae
675 4359 727 4414 xvi.
746 4373 793 4426 127
808 4361 944 4413 Duebner
956 4360 999 4412 Τίς
1017 4360 1061 4411 τὸν
1080 4358 1177 4426 Opiter
1195 4360 1270 4411 τόνδε

117 4429 291 4497 μονοκρηπῐδα
302 4435 452 4500 Λυκοῦργον
471 4432 588 4486 Χάλκεον
607 4431 729 4484 Ἠδωνῶν
747 4432 827 4500 ταγὸν
847 4431 1026 4496 ἀνεπλάσατο;
1046 4431 1188 4498 Βακχιακόν
1207 4431 1271 4483 κατὰ

118 4496 230 4566 πρέμνον
241 4497 275 4553 ἴδ’
284 4501 444 4572 δςόγέρωχα
453 4504 568 4571 μεμηνὼς
580 4503 674 4573 Βριθύν
686 4502 750 4571 ὑπὲρ
763 4504 879 4572 κεφαλᾶς
888 4500 1020 4556 ἀντέτακεν
1033 4501 1145 4570 χάλυβα.
1175 4500 1272 4555 Μανόει
