3038 4988
253 400 309 457 176
713 396 937 485 sxcvnsvs.
965 370 968 385 '

284 553 332 609 Ad
344 554 412 608 825.
432 552 541 622 thue
559 550 660 615 †Milo
679 553 739 607 sub
758 570 821 623 quo
840 553 991 609 cruciata
1009 562 1059 607 est
1077 548 1176 615 †Pisa
1195 561 1336 622 tyranno

471 623 574 677 Viuus
593 623 626 677 in
645 625 794 678 occultas
813 623 1052 694 praecipiteris
1071 640 1182 694 aquas.

287 693 363 748 Mira
380 693 409 747 in
428 692 472 747 his
491 693 619 748 uersibus
638 694 760 749 uarietas
779 695 941 776 scripturae.
980 697 1057 748 Nam
1073 710 1125 763 pro
1138 696 1215 748 Milo
1232 694 1309 764 quod
1326 693 1395 748 exhi·
1471 735 1474 744 .

249 765 318 820 bent
331 764 466 835 plerique,
480 763 509 818 in
522 764 662 819 Vaticano
680 774 723 819 est
736 766 824 833 nullo,
838 783 867 819 m
880 764 1095 819 Vindobonensi
1109 766 1191 820 malo.
1225 764 1338 819 Deinde
1350 781 1396 834 pro

250 838 373 961 gaiam
390 836 477 890 habet
495 852 572 905 quo;
594 834 715 905 denique
732 852 784 905 pro
794 838 863 907 pisa
876 837 921 891 uel
934 839 1008 907 pysa
1026 838 1048 890 F
1062 836 1149 891 habet
1161 838 1234 906 ipsa,
1247 837 1305 890 Vat
1318 839 1396 906 pyra,

317 923 387 960 oma

287 976 353 1030 Dixi
371 977 400 1030 in
416 985 512 1030 annot.
530 975 567 1029 ad
584 976 635 1030 loc.
653 993 738 1046 posse
756 979 940 1031 Etruscorum
959 975 1110 1046 significari
1130 975 1236 1032 Pisam.
1276 976 1359 1046 Quod
1377 974 1397 1029 si

251 1064 317 1101 uere
331 1046 464 1115 conclusi,
474 1045 594 1100 fortasse
607 1047 662 1101 huc
675 1055 805 1116 spectant
818 1064 891 1117 quae
904 1065 948 1117 ap.
961 1048 1142 1102 Plutarchum
1156 1048 1289 1116 leguntur
1302 1047 1396 1101 Parall

250 1118 285 1172 xl.
298 1115 403 1172 Ἀννιος
424 1117 452 1171 δέ
470 1115 592 1170 Τούσκων
609 1116 744 1185 βασιλεύς,
761 1117 828 1188 ἔχων
852 1117 980 1206 θυγατέρα
1004 1120 1145 1188 εὔμορφὸν,
1165 1121 1279 1186 τοῦνομα
1300 1119 1399 1185 Σαλίαν,

249 1187 378 1255 παρθένον
401 1187 491 1256 ἐτήρει.
529 1188 646 1256 Κάθητος
664 1186 687 1240 δ’
704 1187 733 1241 έκ
750 1194 801 1242 τῶν
818 1188 952 1275 ε’πισιγμων
970 1187 1031 1242 ἰδὼν
1048 1189 1094 1254 τὴν
1111 1187 1240 1255 παρθένον
1261 1189 1399 1254 παίζουσαν

250 1255 351 1327 ἠράσθη
368 1257 409 1311 καί
425 1259 459 1326 μὴ
475 1258 576 1337 στέγων
592 1258 693 1327 ἥρπασε
709 1259 750 1312 καί
765 1256 827 1329 ἦγεν
841 1259 876 1314 εἷς
897 1261 993 1327 Ράμην.
1030 1260 1044 1311 ὁ
1061 1259 1090 1311 δέ
1103 1258 1187 1327 πατὴρ
1206 1258 1345 1325 ἐπιδιώξας
1362 1258 1399 1312 κοί

766 1327 774 1345 Ι

152 1338 155 1343 “
250 1328 284 1398 μὴ
302 1330 453 1394 συλλαβών,
465 1327 546 1395 ἥλατο
562 1327 599 1383 είς
616 1330 661 1381 τὸν
673 1335 835 1397 Παρεουσιον
851 1331 975 1398 ποταμόν,
988 1327 1016 1384 ὃς
1032 1326 1123 1382 Ἀνίων
1138 1329 1327 1399 μετωνομάσθη
1341 1348 1347 1384 :
1366 1337 1399 1395 ut
1429 1332 1433 1343 '

250 1399 402 1468 legendum
421 1398 457 1454 sit
469 1401 579 1468 thue
597 1398 692 1465 Anio,
705 1401 856 1454 occultas
876 1409 971 1454 autem
990 1417 1093 1470 aquas
1112 1398 1254 1469 intelligas
1274 1400 1310 1454 de
1329 1421 1399 1453 κοτα-

249 1471 328 1540 ράκτῃ
341 1467 371 1524 δν
381 1472 450 1524 ποιεῖ
460 1471 563 1524 πλωτὸς
575 1469 610 1522 ὢν
622 1471 636 1521 ὁ
648 1467 739 1522 Ἀνίων
751 1468 799 1540 ἀφ’
810 1469 896 1541 ὕψους
912 1472 1026 1542 μεγάλου
1044 1470 1209 1524 καταπίπτων
1225 1471 1262 1526 εἷς
1278 1471 1401 1542 φάραγγα

249 1539 357 1606 βαθεῖαν
369 1542 409 1593 καὶ
422 1541 538 1606 καταλσΐγ
552 1540 658 1608 (strab.
671 1539 743 1608 238).

231 1634 233 1637 ·
288 1613 372 1665 Hanc
385 1611 509 1665 fabulam
522 1609 562 1664 ita
574 1611 755 1665 coniunctam
772 1611 940 1667 crediderim
957 1629 1022 1666 cum
1039 1612 1128 1666 altera
1141 1620 1170 1665 ut
1184 1610 1213 1664 in
1226 1627 1315 1664 unum
1330 1611 1400 1664 coal-

249 1680 351 1736 uerint.
387 1683 440 1736 Est
458 1689 553 1735 autem
572 1681 644 1735 haec
662 1683 751 1736 altera
770 1683 805 1736 de
824 1683 948 1751 muliere,
961 1699 1047 1753 quam
1064 1681 1149 1736 uariis
1168 1681 1332 1735 nominibus
1352 1697 1400 1750 pro

250 1753 313 1806 loco
332 1752 379 1806 ubi
398 1769 443 1806 res
461 1751 520 1820 geri
540 1751 705 1821 lingebatur,
719 1754 848 1807 Sotaeam
863 1756 924 1806 siue
939 1755 1023 1807 Seten
1040 1752 1117 1821 (Lyc.
1135 1764 1210 1820 1075,
1223 1768 1290 1805 cum
1308 1753 1398 1806 Schol.

252 1823 443 1892 Kinkeliano)‚
469 1823 595 1876 Caietam
621 1823 725 1891 (Aurel.
751 1823 849 1877 Victor
873 1843 899 1892 x,
924 1840 1009 1893 quem
1033 1824 1127 1877 locum
1152 1822 1245 1877 attulit
1273 1822 1399 1891 Heynius

251 1893 279 1946 in
299 1895 427 1968 Exqsrsu
445 1892 483 1948 ad
501 1895 571 1947 Aen.
586 1911 610 1947 v.
624 1893 699 1961 604),
717 1895 837 1947 Romam
857 1894 957 1961 (Tzetz.
977 1894 1014 1948 ad
1034 1895 1193 1962 Lyc.1075,
1213 1895 1324 1947 Festus.
1345 1910 1398 1946 su

251 1966 382 2019 Romam.
402 1964 523 2032 Lembos,
542 1965 595 2033 qui
610 1965 776 2035 appellatur
792 1965 965 2032 Heraclides,
983 1966 1129 2019 existimat
1146 1964 1352 2017 reuertentibus
1368 1963 1400 2016 ab

249 2036 306 2088 Ilio
318 2035 441 2089 Achiuis
455 2035 595 2104 quendam
609 2033 755 2103 (quosdam
769 2034 933 2103 Muellerus)
947 2039 1107 2105 tempestate
1122 2035 1237 2089 deiectos
1255 2036 1287 2087 in
1299 2035 1400 2088 Italiae

250 2107 377 2176 regiones
393 2111 499 2159 secutos
519 2106 546 2158 T
542 2106 626 2158 r'berrs
641 2105 789 2159 decursum
803 2107 966 2176 peruenisse
984 2107 1033 2159 ubi
1049 2122 1126 2160 nunc
1142 2107 1181 2158 sit
1196 2106 1297 2172 Roma,
1311 2106 1401 2175 throne

244 2179 366 2246 propter
388 2176 512 2229 taedium
541 2178 736 2246 nauigationes
759 2178 899 2246 impulsas
927 2179 1056 2246 captiuas
1083 2177 1253 2229 auctoritate
1277 2178 1400 2246 uirginis

249 2246 396 2300 cur‘usdam
413 2247 593 2316 tempestiuae
609 2248 721 2300 nomine
732 2247 852 2301 eromes
867 2249 1020 2301 incendisse
1036 2247 1158 2314 classem,
1171 2246 1340 2300 Aristoteles
1356 2263 1397 2316 ap.

191 2322 201 2332 ‘
251 2316 372 2385 Dionys.
385 2316 499 2386 Antiqq.
511 2316 528 2369 i.
539 2330 581 2386 72,
595 2317 711 2371 Eusebii
726 2318 828 2372 Chron.
838 2317 854 2372 i.
864 2335 889 2387 p.
903 2331 953 2384 277
968 2317 1195 2385 Schdne),credo
1208 2315 1295 2370 etiam
1303 2317 1399 2370 Pisum

251 2387 311 2441 siue
329 2387 443 2440 Prssam
463 2388 553 2453 (Seru.
573 2387 611 2441 ad
629 2389 700 2442 Aen.
720 2407 744 2442 x.
767 2386 831 2457 179)
848 2389 998 2443 uocabant.
1037 2389 1122 2442 Hanc
1140 2387 1296 2455 mulierem,
1316 2403 1398 2456 quam

250 2459 383 2511 Setaeam
396 2457 527 2526 appellat,
542 2459 708 2527 Lycophron
723 2458 790 2512 dicit
804 2459 871 2512 dum
884 2476 902 2513 a
915 2458 1032 2513 Graecis
1045 2458 1118 2512 inter
1131 2457 1259 2527 captiuas
1273 2458 1398 2511 Troadas

250 2527 279 2580 in
292 2527 404 2581 ltaliam
417 2527 527 2582 ducitur
539 2528 614 2583 circa
625 2529 745 2597 Sybarin
755 2547 843 2584 naues
857 2529 1025 2599 incendisse,
1035 2538 1062 2585 et
1072 2538 1224 2599 propterea
1236 2528 1265 2582 in
1279 2529 1398 2599 scopulis

249 2608 395 2668 tamquam
413 2615 495 2653 cruce
508 2616 676 2669 suspensam
688 2599 813 2669 periisse.

497 2669 590 2731 Σὴταια
607 2671 714 2737 τλῆμον,
734 2672 778 2725 σοὶ
798 2670 826 2723 δέ
843 2671 909 2742 πρδς
925 2671 1030 2742 πέτραις
1048 2672 1128 2741 μόρος

497 2740 591 2807 Μίμνει
609 2740 730 2810 δυσαίων,
749 2740 809 2794 ἔνθα
826 2740 958 2812 γυιούχοις
974 2741 1064 2798 πέδαις

497 2809 622 2865 Οἴκτιστα
640 2810 791 2880 χαλκείῃσιν
809 2812 971 2882 ὦργυιωμένη

496 2883 577 2949 θανῇ,
594 2881 656 2952 πυρί
674 2882 799 2950 φλέξασα
818 2882 952 2937 δεσποτῶν
970 2884 1076 2946 στάλαν,

483 2947 634 3019 Ἐκβλητον
652 2952 776 3018 αι’άζουσα
794 2953 921 3024 Κράθιδος
938 2954 1020 3008 πελας

257 3077 258 3080 ¹
495 3025 634 3094 Τόργοισιν
651 3022 766 3094 αἰώρημα
784 3026 895 3090 φοινίοις
913 3024 997 3093 δέμας.

257 3119 259 3121 >
286 3096 421 3149 Incensas
433 3109 453 3147 a
464 3092 573 3162 uirgine
588 3110 676 3148 naues
693 3093 740 3147 alii
758 3093 825 3148 alibi
838 3096 999 3163 retulerunt,
1013 3094 1050 3148 ad
1065 3092 1182 3148 Crathin
1195 3103 1224 3148 et
1238 3094 1397 3148 Neaethum

249 3165 352 3219 Strabo
371 3165 431 3233 262,
451 3165 488 3218 ad
507 3163 618 3219 Tiberis
638 3164 741 3218 ostium
760 3165 806 3219 uel
825 3164 853 3218 in
873 3165 929 3220 alia
948 3175 1028 3235 parte
1048 3164 1129 3232 Latii,
1148 3164 1317 3219 Aristoteles
1336 3181 1397 3218 cum

249 3236 402 3290 Heraclide
418 3244 446 3289 et
463 3236 601 3289 Damaste
615 3234 752 3304 Sigeensi,
766 3235 800 3289 cf.
815 3237 886 3291 Plut.
901 3236 1011 3290 Romul.
1027 3235 1044 3300 i,
1057 3235 1094 3289 ad
1108 3237 1246 3304 Egestam
1259 3235 1397 3304 Vergilius

248 3315 276 3360 et
296 3305 451 3374 Dionysius
470 3305 584 3376 Antiqq.
598 3305 614 3359 i.
632 3318 672 3374 52,
691 3306 729 3360 ad
749 3305 871 3360 Scionen
889 3307 991 3360 Conon
1008 3305 1055 3359 xiii
1075 3315 1103 3361 et
1117 3307 1277 3377 Polyaenus
1296 3305 1343 3360 vii.
1355 3318 1396 3374 47,

248 3375 321 3430 Pisis
335 3376 456 3446 denique
471 3377 570 3431 ltaliae
584 3376 698 3430 Seruius
711 3376 748 3430 ad
761 3377 831 3430 Aen.
845 3395 869 3431 rc
887 3389 943 3446 179.

426 3448 488 3500 Hos
501 3464 600 3516 parere
612 3446 708 3501 iubent
721 3447 849 3516 Alpheae
861 3447 969 3517 origine
983 3446 1080 3516 Pisae;

424 3518 499 3571 Vrbs
512 3519 633 3571 Etrusca
646 3518 715 3572 solo.

423 3588 594 3642 Tercentum
607 3587 732 3642 adiciunt
746 3586 837 3656 (mens
850 3587 981 3643 omnibus
994 3605 1051 3642 una
1063 3586 1211 3657 sequendi)

426 3657 480 3726 Qui
495 3659 613 3713 Caerete
626 3658 720 3727 domo,
733 3659 781 3728 qui
794 3668 859 3714 sunt
874 3659 1009 3713 Minionis
1023 3659 1051 3712 in
1064 3657 1148 3727 aruiS,

425 3728 463 3782 Et
478 3728 561 3798 Pyrgi
575 3738 693 3796 ueteres,
707 3728 950 3800 intempestaeque
964 3729 1125 3784 Grauiscae.

284 3796 393 3867 Quibus
405 3799 576 3853 conserenda
589 3808 653 3853 sunt
666 3816 738 3869 quae
751 3800 838 3855 habet
853 3802 930 3855 Mela
943 3800 970 3854 ii.
980 3813 1012 3866 72
1022 3799 1122 3854 Ardea
1129 3799 1309 3853 Laurentum
1320 3799 1397 3854 Ostia

245 3870 319 3924 citra
342 3869 463 3922 Tiberim
483 3872 514 3922 in
535 3870 586 3924 lroc
604 3871 691 3924 latere
709 3876 783 3924 sunt.
803 3872 883 3924 ultra
900 3872 995 3942 Pyrgi
1009 3871 1089 3924 Anio
1111 3871 1218 3937 (Minio
1239 3867 1396 3936 Cluuerius)

247 3941 381 3995 Castrum
398 3941 516 3994 Nouum
536 3942 690 3996 Grauiscae
707 3941 778 3996 Cosa
797 3941 930 3995 Telamon
946 3943 1108 4011 Populonia
1125 3941 1211 3994 Pisae
1227 3941 1355 3995 Etrusco
1372 3944 1398 3994 el

245 4013 306 4066 loco
318 4017 345 4064 et
357 4013 479 4065 nomana.

284 4082 376 4136 Credo
398 4081 482 4151 igitur
499 4081 625 4135 fabulam
646 4081 731 4136 istam
754 4099 809 4152 qua
829 4083 933 4136 Setaea
953 4080 1028 4136 cruci
1049 4081 1132 4136 affixa
1153 4080 1237 4135 fuerit
1259 4080 1297 4135 ad
1318 4080 1396 4134 Pisas

246 4152 330 4207 simul
355 4169 419 4206 cum
443 4151 575 4206 incendio
600 4153 676 4222 quod
701 4152 825 4206 Troiana
851 4152 952 4207 mulier
975 4152 1089 4207 fecisset
1119 4151 1235 4206 nauium
1267 4152 1397 4206 tralatam

245 4223 349 4288 tuisse;
367 4232 395 4277 et
406 4224 461 4277 hoc
474 4239 537 4278 esse
554 4223 631 4292 quod
647 4229 732 4291 poeta
749 4223 913 4292 significarit
927 4225 1055 4279 cruciata
1066 4227 1108 4277 est
1118 4224 1197 4292 Pisa,
1211 4224 1257 4277 uel
1270 4231 1300 4276 ut
1313 4220 1397 4277 estin

245 4295 272 4348 G
293 4295 392 4347 Roma.

273 4334 346 4418 'Iam
367 4362 489 4418 uidimus
511 4381 575 4418 esse
596 4363 673 4418 iuxta
692 4361 773 4418 Pisas
795 4381 910 4423 amnem
930 4363 1096 4433 Minionem,
1116 4361 1185 4432 siue,
1204 4371 1234 4417 ut
1257 4371 1300 4417 est
1322 4359 1397 4431 apud

247 4435 364 4504 Melam,
377 4434 540 4501 Anionem';
558 4451 611 4488 nec
624 4434 726 4488 mirum
739 4444 770 4489 ut
783 4435 869 4503 locos,
884 4435 924 4488 sic
937 4433 1054 4488 nomina
1066 4434 1095 4488 in
1108 4434 1210 4488 eadem
1223 4433 1319 4488 fabula
1331 4450 1396 4486 con·

246 4503 332 4574 iungi.
363 4506 462 4574 ltaque
472 4505 547 4560 Anio
561 4506 606 4561 uel
620 4504 712 4559 Minio
725 4504 778 4562 iste
792 4507 844 4561 sub
858 4522 922 4575 quo
935 4515 1079 4575 tyranno
1092 4504 1244 4560 cruciata
1257 4513 1307 4559 est
1321 4503 1394 4571 Pisa,
