3126 4980
236 329 275 384 60
717 322 899 385 SCHOLIA
938 353 941 359 ·

280 501 348 558 323·
369 491 404 541 ut
438 478 617 541 Larisaeus
657 480 790 541 Aleuas
879 481 1004 542 *Alebas
1033 483 1108 542 filius
1131 483 1401 549 †Thoadomantis

237 562 734 628 *Aleuas†Tuerod0mantisfi1ius
753 564 790 623 de
834 581 885 622 rex
899 563 1015 624 Larisse
1030 566 1183 625 ciuitatisa
1202 568 1262 626 suis
1280 568 1402 627 ciuibus

237 644 372 705 Larissea
388 646 503 703 ciuitate
524 643 663 704 oriundus
684 646 721 703 ab
736 645 790 703 illis
834 645 871 704 de
893 647 997 722 quibus
1023 665 1135 706 summe
1158 649 1330 708 confidebat
1353 659 1401 710 est

237 728 344 803 quibus
355 726 479 803 amplius
492 726 614 785 credidit
623 725 790 785 interfectus
835 728 976 787 occisus*
1017 727 1116 788 Mure.
1194 778 1196 782 ,

237 806 793 868 est*VndeGallus:Tlurodomantmdls
876 808 1003 868 *Alebas
1020 810 1292 870 tThorodomantis
1315 812 1396 872 filius

237 890 366 965 quamuis
394 891 498 947 iniusta
525 907 639 946 suorum
675 890 792 947 Victima
834 890 872 949 de
894 889 1010 950 Larissa
1032 892 1146 951 ciuitate
1169 911 1221 951 sua
1241 895 1395 969 quosdam

237 972 304 1029 drea
314 972 385 1048 suit
403 977 468 1029 tunc
488 989 542 1029 non
558 977 647 1029 tamen
661 971 718 1047 ipse
730 990 792 1029 suo·
833 971 969 1031 homines
993 972 1069 1032 fidos
1096 991 1163 1032 esse
1190 976 1311 1050 putauit,
1337 976 1393 1034 sed

237 1051 327 1111 rum*
371 1050 409 1112 G.
834 1071 910 1130 quos
924 1054 1018 1129 magis
1029 1054 1104 1113 fidos
1118 1073 1182 1113 esse
1193 1057 1306 1130 putauit
1320 1075 1393 1114 eum

832 1135 1010 1194 occiderunt.
1023 1134 1119 1193 *Vnde
1127 1135 1243 1195 Gallus:
1252 1136 1392 1195 Herodo-

831 1217 964 1275 mantides
990 1220 1119 1292 quamuis
1146 1219 1243 1295 ⁴inuita
1273 1237 1392 1277 suorum

838 1298 955 1357 Wctima
970 1299 1045 1356 dura
1054 1301 1125 1375 suit
1141 1306 1205 1358 tum
1225 1306 1392 1358 nontamen

831 1381 892 1455 ipsa
905 1378 1043 1438 suorum*
1088 1379 1121 1439 C.

173 1524 175 1528 Α
279 1458 425 1532 *Quidam
446 1460 538 1520 homo
556 1459 677 1518 nomine
691 1458 800 1519 Alebas
821 1462 859 1519 ab
880 1461 1048 1519 hominibus
1068 1462 1128 1521 suis
1142 1478 1217 1538 quos
1239 1461 1294 1522 sibi
1309 1462 1390 1522 fidos

237 1544 359 1620 putabat
372 1543 487 1602 occisus
500 1551 544 1601 cst
558 1552 586 1601 et
600 1541 630 1600 in
642 1551 765 1618 puteum
780 1541 955 1601 coniectus*
973 1572 976 1577 ·
997 1542 1039 1601 H.

281 1639 348 1699 325.
370 1624 483 1701 thue
497 1622 588 1682 Milo.
631 1622 790 1681 *Milonem
874 1623 1035 1684 *Milonem
1057 1625 1106 1683 cui
1130 1624 1204 1684 Pisa
1231 1626 1391 1701 prouincia

238 1705 408 1764 Romanum
439 1706 470 1764 in
498 1723 578 1764 mare
606 1705 792 1780 proiecerunt
830 1705 935 1766 tradita
945 1705 998 1764 fuit
1012 1724 1066 1782 pro
1078 1706 1228 1782 tyrannide
1239 1725 1293 1765 sua
1305 1707 1389 1767 ciues

237 1788 306 1863 quia
316 1787 368 1845 fuit
382 1786 530 1846 homicida
541 1796 569 1845 et
579 1785 653 1845 Pisis
667 1787 791 1862 patriam
832 1789 883 1847 sui
900 1787 931 1844 in
951 1805 1032 1845 mare
1054 1788 1247 1863 proiecerunt,
1269 1792 1320 1846 *ut
1343 1792 1392 1848 as't

198 1863 200 1867 '
237 1869 363 1928 tradidit.
385 1868 481 1927 *Vnde
492 1868 610 1928 Gallus:
624 1865 714 1925 Diues
728 1874 792 1926 erat
833 1868 957 1928 Gallus:
986 1867 1076 1926 Dz'ues
1092 1876 1155 1927 erat
1168 1868 1270 1938 anim·
1287 1873 1389 1947 sortes

236 1949 339 2019 Mz'lo;
349 1952 445 2027 sortis
458 1951 521 2009 ls'cet
531 1951 702 2027 ipsefm'sset
715 1948 788 2008 Con·
830 1951 892 2008 licet
903 1950 951 2007 ille
956 1951 1068 2027 fuisset
1085 1949 1211 2028 Contigit
1227 1952 1275 2008 ille
1293 1959 1390 2015 tamen

237 2032 463 2172 Zprtessetamm
471 2030 788 2108 protumulopelagus.*
825 2041 879 2106 pro
892 2033 995 2089 tumulo
1004 2029 1148 2109 pelagus*
1192 2029 1225 2090 C.

278 2191 368 2308 *Mipo
382 2193 527 2252 destructa
547 2193 661 2253 ciuitate
683 2210 735 2252 sua
752 2193 819 2252 Pisa
839 2204 942 2273 captus
961 2193 1167 2272 praecipitatus
1185 2195 1278 2253 estin
1300 2196 1388 2272 aquis

235 2275 329 2335 uiuus.
387 2275 431 2333 H.

278 2355 368 2415 *Milo
391 2356 490 2415 Pisam
511 2354 613 2414 Elidos
635 2355 738 2413 tenuit.
781 2354 841 2414 Hic
866 2374 933 2415 cum
958 2356 1077 2416 Pisaeos
1098 2357 1186 2416 uariis
1209 2357 1388 2419 cruciatibus

236 2437 370 2508 afficeret,
399 2439 437 2496 ab
462 2437 532 2512 ipsis
560 2437 591 2494 in
615 2435 762 2512 Alpheum
785 2437 907 2496 fluuium
930 2438 1028 2498 Pisam
1056 2439 1309 2515 praeterfluentem
1334 2441 1388 2499 de·

236 2537 349 2578 mersus
362 2528 415 2578 est.
456 2517 510 2577 Est
520 2527 623 2577 ‚autem
640 2527 779 2594 tyrannus
801 2520 967 2578 communis
980 2522 1114 2597 generis:
1136 2539 1206 2579 nam
1220 2520 1389 2581 Theodosii

235 2601 417 2676 grammatici
445 2608 488 2658 est
516 2599 622 2675 regula,
645 2599 726 2675 quod
753 2601 875 2658 nomina
902 2601 1116 2677 professionem
1140 2611 1190 2661 aut
1210 2602 1387 2678 dignitatem

236 2681 429 2758 significantia
443 2691 511 2740 sunt
525 2681 690 2740 communis
704 2682 829 2757 generis,
843 2692 874 2741 ut
894 2681 941 2741 hic
963 2693 992 2742 et
1012 2683 1085 2743 haec
1103 2683 1174 2756 dux,
1192 2682 1239 2743 hic
1260 2694 1289 2742 et
1310 2683 1387 2744 haec

235 2763 436 2840 philosophus.
481 2761 548 2821 Cal.
563 2761 725 2839 Saluagnz's'.

277 2858 345 2920 327.
368 2844 529 2920 Quaeque
562 2845 597 2902 in
630 2842 787 2903 Adiman·
869 2844 1060 2905 *Adimantus
1085 2865 1136 2905 rex
1160 2845 1286 2906 Philacie
1309 2864 1386 2905 con·

233 2936 310 2986 tum.
353 2924 544 2986 *Adimantus
582 2944 634 2984 rex
670 2924 787 2984 Philisie
827 2935 954 3003 temptor
979 2927 1102 2986 deorum
1126 2947 1144 2987 a
1168 2929 1240 2987 Ioue
1263 2928 1386 3004 fingitur

234 3008 289 3067 diis
304 3008 466 3084 dedignans
480 3007 599 3067 obedire
614 3026 631 3066 a
645 3006 717 3066 Ioue
732 3007 786 3065 iul·
826 3007 1019 3066 fulminatus*
1060 3007 1158 3068 Mure.

234 3091 360 3148 minatus
371 3100 423 3150 est.
459 3088 555 3148 *Vnde
568 3088 605 3148 G.
640 3088 792 3147 Plrilacule'
871 3088 1070 3148 *Achimantis
1101 3091 1176 3150 filius
1205 3089 1294 3148 Filaci
1324 3110 1386 3151 rex

233 3173 311 3229 cadit
342 3173 406 3248 igm
434 3170 513 3229 Iouis
546 3172 613 3247 quia
646 3176 790 3245 spreuerat
828 3170 949 3229 Filesiae
969 3172 1016 3229 uel
1037 3180 1069 3229 ut
1090 3172 1138 3230 alii
1153 3172 1323 3231 Thessaliae
1339 3174 1386 3231 in-

234 3358 332 3467 οἵῃ.
350 3341 467 3395 Historia
479 3341 626 3395 aduersum
638 3339 815 3408 explicandum
828 3341 930 3410 corficta
965 3308 1204 3406 idrodomantisG
1274 3341 1386 3411 putabit

283 3431 314 3465 ss.

272 3497 332 3548 3²⁵·
351 3482 468 3534 Historia
470 3480 570 3548 ficticia
627 3481 683 3548 ipsa
695 3481 871 3548 prouinciali
927 3482 1026 3535 suosc
1077 3484 1154 3535 Mure
1167 3483 1245 3551 Mylo
1256 3482 1386 3537 tirannus

234 3568 284 3606 rex
302 3553 359 3619 pise
378 3552 463 3619 ipsam
477 3551 562 3618 pisam
577 3550 700 3603 hostibus
717 3551 830 3604 tradidit
848 3558 877 3604 et
897 3558 1009 3620 propter
1021 3553 1074 3605 hoc
1091 3569 1107 3605 a
1123 3554 1227 3605 ciuibus
1239 3553 1385 3607 nunciare

234 3621 421 3691 precipitatur.
466 3623 556 3675 Versus
575 3625 601 3674 in
618 3623 735 3690 margine
756 3623 808 3675 cod.
825 3625 942 3676 Parisini
961 3638 1031 3688 7990
1049 3626 1085 3676 sic
1105 3625 1167 3692 legit
1186 3625 1316 3677 Schomius
1337 3637 1385 3693 ap.

235 3692 363 3746 Ehwald.
370 3703 399 3761 p.
414 3709 427 3743 a
442 3690 521 3744 Vnde
539 3692 632 3744 Gallus
649 3692 763 3745 Vinctus
775 3698 835 3744 erat
848 3693 918 3746 Milo
930 3695 1011 3746 tortis
1023 3694 1088 3746 licet
1100 3694 1150 3746 ista
1161 3694 1274 3747 fuissent
1287 3695 1385 3761 conti&

236 3764 280 3831 ipe
297 3767 326 3815 ta
344 3763 465 3829 pcictato
483 3762 600 3830 pelagus,
612 3781 676 3830 quae
690 3765 727 3814 sie
742 3764 866 3832 expediuie
883 3766 1004 3817 Ehwald
1019 3770 1111 3817 tortor
1127 3764 1191 3818 licet
1208 3765 1258 3817 iste
1275 3763 1386 3833 fuisset,

236 3834 404 3899 Contiguum
418 3833 474 3900 ipse
486 3838 578 3886 tamen
594 3832 727 3900 proicitur
741 3834 850 3901 pelagus
922 3836 1011 3904 ‘Quod
1021 3837 1051 3887 de
1063 3836 1191 3889 ileodmrh
1203 3837 1309 3889 ademtae
1322 3835 1384 3888 Sal·

234 3907 352 3976 magnius,
372 3905 512 3958 uerosimile
526 3914 565 3957 est
582 3903 690 3973 intelligi
709 3905 878 3971 Murredium,
897 3908 939 3973 qui
956 3917 1027 3974 saepe
1045 3917 1073 3958 ut
1092 3907 1286 3959 Grammaticus
1303 3907 1385 3960 citari

233 3975 315 4030 solet?
345 3978 519 4042 Burmannus,
532 3975 566 4042 cf.
578 3975 705 4041 Ehuvald,
717 3988 747 4044 p.
762 3993 786 4041 9.
806 3976 934 4029 Macrobii
945 3977 1070 4029 theodosii
1084 3989 1203 4047 excerpta
1220 3997 1251 4030 ex
1269 3977 1334 4030 libro
1352 3979 1385 4031 de

213 4098 215 4102 .
234 4049 395 4118 Differemis
412 4058 436 4099 et
454 4048 616 4100 Societatsbus
636 4048 728 4099 Graeci
746 4049 880 4115 Latinique
898 4046 968 4100 uerbi
984 4047 1060 4100 edidit
1075 4049 1211 4102 Putschius
1223 4060 1253 4116 p.
1273 4061 1340 4110 2727
1358 4060 1386 4103 et

230 4119 328 4188 plenius
341 4117 436 4171 Keilius
449 4120 511 4171 Art.
526 4119 647 4186 Scriptor.
660 4118 756 4171 Minor.
765 4129 809 4186 pp.
823 4120 909 4183 599-⁶
913 4134 926 4182 5
930 4133 954 4181 5.

273 4204 332 4254 327.
350 4191 466 4241 Historia
474 4209 507 4242 ex
515 4207 590 4242 uersu
600 4189 702 4256 conficta
733 4204 826 4240 rerum
836 4188 923 4241 filexie
933 4188 978 4240 uel
991 4193 1022 4240 ut
1034 4188 1078 4241 alii
1090 4189 1203 4242 thesalie
1213 4189 1240 4242 0,
1263 4202 1383 4241 necnon

234 4265 264 4312 et
277 4259 497 4313 cunctosGAsk.
543 4259 622 4312 illaG
659 4257 823 4328 adinuentis]
837 4259 909 4312 Num
921 4258 956 4312 ab
968 4259 1101 4314 inuentis?
1117 4261 1182 4330 quod
1192 4261 1228 4313 ad
1238 4269 1383 4360 macpatum

229 4370 313 4438 filium
321 4381 423 4440 poterat
439 4369 532 4436 referri
560 4371 605 4422 Ex
618 4370 695 4423 Bern.
709 4383 757 4432 711
773 4370 857 4424 Merk.
869 4381 987 4425 enotarat
1002 4370 1165 4424 Adimantus
1183 4386 1231 4423 rex
1249 4369 1382 4440 phisesiae

233 4441 341 4494 -unde
353 4439 426 4494 idem
439 4440 590 4494 Philacides
600 4451 727 4509 ceteraque
739 4453 767 4495 ut
777 4443 805 4493 in
818 4441 850 4497 G.
