3038 4988
265 375 321 431 172
727 366 950 435 EXCVRSVS.

425 461 433 486 t

264 543 437 599 quamquam
465 523 555 595 potuit
580 525 657 594 Eryx
685 522 911 579 Erechthides
935 521 1040 592 uocari,
1064 521 1126 577 siue
1151 522 1229 593 quod
1253 521 1412 577 Ποσειδῶνος

262 596 406 668 Ἐρεχθέως
419 598 520 667 (Tzetz.
537 596 575 651 ad
593 598 659 664 Lyc.
676 596 733 664 158,
752 595 878 662 Hesych.
891 592 1028 663 Ἐρεχθεὺς
1045 593 1183 647 Ποσειδῶν
1201 593 1229 647 έν
1242 591 1369 661 Ἀθήναις)
1382 610 1412 646 ex

264 671 384 737 Venere,
403 667 463 722 siue
482 667 558 748 quod
577 669 667 720 Butae
686 665 758 719 filius
777 665 891 719 habitus
909 674 952 719 est
966 662 1052 734 (Seru
1069 663 1106 718 ad
1119 667 1191 719 Aen.
1205 683 1231 718 v.
1244 661 1300 730 24).
1342 665 1412 716 Nam

265 739 429 807 Pandionis,
442 755 516 806 regis
529 736 753 803 Atheniensium,
767 736 815 789 filii
830 738 926 804 Butes,
939 736 1116 789 Erechtheus
1128 752 1135 801 ;
1155 734 1311 788 Erechthei
1324 746 1413 788 autem

264 810 358 865 fratris
377 819 482 877 natam,
504 807 684 875 Chthoniam,
703 806 781 860 duxit
801 809 907 873 Butes3
933 805 1076 875 (Apollod.
1095 805 1133 860 iii.
1156 820 1187 872 14
1207 815 1236 860 et
1258 806 1317 873 15):
1343 807 1413 873 Eryx

265 881 357 950 igitur,
371 880 394 934 si
406 879 489 933 huius
504 880 594 932 Butae
607 878 680 931 filius
699 877 813 931 habitus
832 887 875 930 est
888 894 905 930 a
918 877 1053 946 scriptore
1068 876 1165 945 Ibidis,
1181 876 1220 946 (et
1238 875 1339 945 potuit,
1352 892 1413 928 nam

266 954 354 1005 Butes
372 950 395 1004 is
413 967 497 1020 quern
510 948 677 1018 Apollonius
696 947 769 1002 inter
781 949 960 1016 Argonautas
973 956 1101 1002 recenset
1114 947 1130 1000 i.
1145 960 1178 1016 95
1193 956 1222 1001 et
1234 945 1414 1000 Atheniensis

266 1022 339 1075 filius
351 1020 403 1074 fuit
416 1030 444 1074 et
461 1037 478 1074 a
491 1021 602 1074 Venere
615 1018 739 1087 Erycina
755 1036 789 1072 ex
806 1018 886 1086 mari,
899 1018 928 1071 in
945 1018 1022 1088 quod
1038 1034 1068 1072 se
1082 1017 1242 1071 coniecerat
1259 1026 1292 1070 ut
1307 1016 1415 1071 Sirenas

266 1092 365 1160 adiret,
379 1091 480 1144 dicitur
492 1100 620 1144 seruatus
632 1089 719 1143 fuisse
732 1089 767 1144 iv.
781 1103 834 1157 910
846 1105 916 1159 sqq,
930 1089 964 1142 cf.
979 1090 1057 1142 Seru.
1070 1089 1108 1142 ad
1120 1089 1191 1142 Aen.
1206 1106 1232 1142 v.
1246 1086 1303 1155 24,)
1316 1086 1414 1141 Erech·

265 1162 357 1218 titides
372 1161 431 1215 iure
444 1178 496 1214 suo
508 1159 603 1214 uocari
616 1159 726 1214 meruit.
764 1159 992 1229 Colebanturque
1008 1158 1108 1212 uicinis
1127 1158 1183 1212 aris
1198 1158 1344 1213 Poseidon
1356 1174 1415 1212 cum

267 1232 428 1287 Erechtheo
446 1241 474 1284 et
489 1233 575 1285 Butes
587 1229 708 1284 Athenis
721 1239 793 1284 teste
808 1231 891 1285 Paus,
904 1229 922 1284 i.
936 1230 978 1284 26.
993 1242 1016 1298 5.

302 1305 347 1357 An
366 1301 545 1355 retinendum
564 1311 606 1355 est
624 1301 820 1354 Echecratides
836 1311 864 1354 et
881 1318 916 1355 ea
932 1298 1143 1368 significatione
1150 1299 1353 1369 explicandum
1365 1315 1416 1370 qua

267 1372 605 1443 Εαρλοςίοηκακοζηλως
626 1373 759 1425 Iasonem
781 1372 891 1440 ναυαγὸν
912 1371 981 1424 dixit
1003 1370 1083 1440 quasi
1105 1375 1166 1423 ναῦν
1186 1371 1295 1439 ἄγοντα,
1317 1371 1416 1425 oliuam

266 1443 440 1515 γλαυκώπιδα,
457 1452 581 1496 aratrum
599 1441 763 1511 ἐνοσίχθονα,
783 1441 938 1509 Dionysius
957 1451 1092 1510 tyrannus
1111 1440 1252 1509 uirginem
1270 1442 1417 1510 μένανδρον,

267 1516 428 1569 columnam
458 1514 619 1582 μενεκράτην,
644 1512 766 1566 iaculum
796 1514 963 1577 βαλλάντιον,
987 1511 1109 1565 murium
1140 1511 1259 1565 latibula
1283 1513 1417 1581 μυστηρια,

268 1584 406 1654 (Meinek.
426 1586 480 1638 An.
499 1586 578 1638 Alex.
597 1600 625 1652 p.
642 1583 720 1651 136)?
757 1581 804 1637 Sic
822 1583 931 1636 Atreus
948 1584 1057 1636 Hector
1072 1584 1271 1652 Hippodamia
1290 1583 1419 1636 Antenor

268 1658 384 1727 Cyclops
407 1656 555 1708 Diomedes
578 1653 767 1707 Aristarchus
794 1654 949 1723 Agesilaus
981 1654 1159 1707 Telemachus
1188 1670 1241 1722 pro
1272 1653 1417 1707 adiectiuis

267 1736 402 1796 usurpata
414 1726 500 1779 fuisse
514 1725 597 1778 docet
610 1743 644 1779 ex
656 1725 760 1778 Athen.
771 1726 813 1793 98,
827 1738 862 1793 99
875 1724 951 1778 idem
966 1723 1125 1778 Meinekius
1138 1724 1176 1778 ad
1190 1725 1320 1793 Euphor.
1333 1725 1364 1778 ir.
1378 1735 1416 1792 95.

269 1800 352 1852 Certe
370 1814 428 1850 non
449 1795 590 1849 immerito
608 1795 788 1866 Ἐχεκρατίδης
808 1797 885 1864 Eryx
902 1795 1048 1849 uocandus
1067 1805 1127 1848 erat
1146 1793 1193 1864 qui
1216 1805 1418 1864 praepotens

266 1868 393 1922 uiribus
406 1868 531 1921 aduena
542 1867 677 1920 caestibus
687 1867 861 1936 prouocabat
872 1867 1013 1935 uictosque
1024 1865 1181 1935 perimebat
1193 1865 1286 1933 (Seru.
1300 1866 1338 1919 ad
1351 1868 1417 1919 Aen.

268 1938 285 1993 i.
300 1940 361 2007 570)
375 1939 420 1992 uel
437 1937 565 1991 uiribus
583 1937 652 1990 suis
670 1937 780 1990 sidens
797 1937 884 2007 legem
897 1939 996 2005 posuit
1008 1936 1182 1989 uenientibus
1194 1937 1273 1988 adse
1287 1942 1321 1990 ut
1332 1953 1417 1989 secum

266 2010 402 2064 caestibus
413 2008 586 2061 decertarent
598 2008 702 2077 (Myth.
710 2009 775 2061 Vat.
786 2007 803 2063 i.
814 2007 869 2076 94).
895 2009 972 2060 Nam
984 2017 1014 2061 ut
1027 2007 1192 2078 Egestiades
1201 2007 1248 2060 uel
1259 2007 1288 2059 A
1292 2007 1418 2060 cestiades

267 2080 391 2135 scribam
403 2079 450 2132 uix
462 2079 596 2135 adducor.

303 2151 350 2203 Ad
368 2152 437 2214 307,
450 2153 479 2203 8.
498 2151 641 2203 Incertum
654 2157 697 2203 est
710 2165 766 2219 quo
778 2147 917 2218 pertineat
931 2148 1012 2202 Phot.
1026 2148 1098 2202 Bibl.
1112 2166 1139 2218 p.
1155 2159 1206 2215 530
1220 2147 1343 2203 Bekker.
1362 2147 1419 2202 ‘ors

267 2219 348 2289 ὄνομα
364 2219 516 2289 θεραπαίνης
528 2219 680 2284 Πηλούσιον
691 2218 729 2287 ἦν,
742 2217 774 2271 δι’
787 2219 815 2286 ἧς
828 2221 841 2271 ό
855 2220 999 2273 Μολοσσὸς
1012 2218 1115 2288 Πιίῤῥος
1129 2219 1215 2271 ἀνεῖλε
1232 2221 1361 2289 φαρμάκῳ
1376 2219 1419 2285 τὴν

267 2288 371 2360 μητέρα.
422 2290 451 2344 Si
477 2291 514 2344 ad
540 2291 677 2358 Pyrrhum
705 2292 743 2358 ll,
768 2289 892 2344 conicias
918 2289 1118 2359 Olympiadem
1145 2298 1299 2358 postquam
1325 2289 1418 2358 Tigrin

269 2361 391 2416 amicam
413 2361 461 2414 filii
483 2378 594 2414 ueneno
616 2371 754 2425 necasset,
776 2360 868 2429 ipsam
889 2370 990 2430 postea
1011 2377 1029 2414 a
1050 2360 1107 2413 filio
1129 2377 1184 2429 ope
1207 2359 1314 2414 Pelusii
1339 2360 1417 2414 inter-

268 2444 395 2501 emptam
409 2449 480 2486 esse.
518 2431 576 2485 Sed
588 2432 643 2484 hoc
657 2430 800 2485 discordat
813 2448 878 2484 curn
892 2431 1005 2485 Ouidi0.

306 2506 388 2557 Certe
401 2519 458 2556 non
472 2511 565 2570 potest
578 2519 680 2572 nepos
698 2501 778 2555 dicti
796 2501 892 2555 modo
909 2501 997 2570 regis
1011 2500 1047 2555 ad
1062 2500 1278 2570 Hieronymum,
1294 2501 1391 2570 Pyrrhi
1405 2502 1417 2554 l

268 2592 303 2628 ex
316 2573 373 2627 filia
387 2573 511 2626 Nereide
524 2582 665 2641 nepotem,
679 2583 829 2641 tyrannum
844 2574 1060 2640 Syracusanum,
1074 2571 1179 2626 referri.
1218 2573 1248 2624 Is
1265 2571 1343 2626 enim
1356 2589 1420 2626 con·

268 2645 361 2698 fossus
374 2643 536 2697 uulneribus
549 2643 631 2712 periit
645 2643 673 2696 in
686 2644 769 2697 turba
782 2642 936 2709 Leontinis,
950 2652 1022 2696 teste
1036 2642 1116 2696 Liuio
1130 2641 1202 2697 xxiv.
1215 2655 1241 2708 7.

306 2714 363 2768 Sed
382 2713 568 2783 explicatione
588 2713 732 2783 Saluagnii
755 2713 850 2767 inueni
872 2730 945 2783 quae
966 2713 1066 2767 melius
1086 2713 1131 2767 uel
1153 2723 1230 2766 certe
1249 2730 1308 2766 non
1330 2712 1418 2766 minus

269 2785 363 2919 lelcum
375 2785 548 2854 expedirent.
577 2785 745 2854 Lycophron
758 2784 843 2854 enim,
854 2785 890 2838 de
898 2785 1000 2853 Vlysse
1012 2794 1123 2838 mortuo
1134 2783 1241 2853 dicens,
1252 2785 1324 2838 haec
1337 2785 1420 2839 habet

328 2869 379 2925 799
517 2925 615 2979 Μάντιν
633 2926 661 2979 δέ
679 2927 767 2996 νεκρὸν
784 2926 900 2997 Εὔρυτόν
918 2925 1014 2995 στέψει
1031 2927 1104 2996 λεώς,

511 2995 546 3049 ‘0
565 2993 587 3048 τ’
599 2997 660 3050 αἰπὺ
679 2998 754 3051 ναίων
771 2996 908 3067 Τραμπιῖας
925 2995 1050 3064 ε’δέθλιον,

515 3064 561 3119 Ἐν
577 3062 595 3135 ᾖ
612 3065 670 3122 ποτ’
682 3066 754 3122 αὖθις
770 3066 887 3137 ‘ilperini
906 3067 999 3137 φθίσει
1017 3067 1118 3137 δράκων

516 3141 649 3207 Τυμφαῖος
666 3139 694 3192 έν
711 3137 827 3205 θοίνῃσιν
844 3138 953 3191 Αίθίκων
969 3141 1078 3206 πρόμος,

516 3209 569 3261 Τὸν
587 3209 698 3262 Αἰακοῦ
715 3230 743 3261 τε
762 3209 827 3264 κάπὸ
846 3210 969 3277 Περσέως
987 3211 1088 3277 σπορᾶς

518 3280 567 3332 Καὶ
585 3281 726 3347 Τημενείων
744 3281 790 3332 οὐκ
807 3280 909 3334 ίίπωθεν
926 3280 1046 3347 αἱμάτων.
1143 3307 1155 3315 ·

231 3378 233 3385 λ
271 3348 330 3408 Ubi
350 3352 463 3406 Tzetzes
482 3349 510 3402 έν
527 3345 593 3417 ᾗτινι
609 3350 741 3420 Τραμπυίᾳ
759 3352 822 3404 ποτέ
840 3348 920 3417 αὖθις,
936 3352 1029 3420 φθίσει
1047 3349 1088 3402 καί
1104 3349 1198 3419 φθερεῖ
1215 3349 1243 3404 έν
1255 3350 1367 3406 θοίναισι
1383 3351 1420 3404 καί

269 3424 388 3494 εὐωχίαις
406 3425 420 3475 ὁ
439 3422 538 3492 δράκων
554 3422 568 3472 ό
584 3423 718 3491 Τυμφαῖος
734 3423 774 3474 καὶ
788 3418 955 3492 Ἠπειρώτης,
971 3423 1026 3489 ἤτοι
1043 3423 1057 3473 ό
1074 3422 1309 3492 Πολυσπέρχων,ό
1326 3426 1421 3493 πρόμος

270 3496 311 3547 καί
328 3496 342 3546 ό
358 3494 494 3562 πρόμαχος
510 3496 561 3544 τῶν
573 3491 683 3545 Αίθίκων
699 3491 739 3543 καί
752 3489 926 3562 Ἠπειρωτῶν.
961 3492 1023 3544 Τίνα
1039 3490 1147 3562 φθίσει;
1168 3494 1214 3546 τόν
1225 3491 1367 3565 Ἡρακλέα,
1379 3494 1422 3546 τόν

269 3561 1423 3703 istu{trististristisru.“tiniusenutritura

269 3705 324 3758 υίὸς
339 3703 441 3773 ἐγένετο
457 3701 612 3771 καλούμενος
622 3700 762 3770 Ἡρακλῆς,
775 3703 804 3757 όν
816 3704 900 3757 ἀνεῖλε
913 3702 1026 3758 καλέσας
1038 3705 1073 3758 είς
1085 3703 1186 3757 δεῖπνον
1198 3658 1424 3777 Πολυσπέρῖχωνό

270 3774 412 3843 Τυμφαῖος,
422 3774 531 3828 Αίθίκων
539 3774 674 3840 βασιλεὺς,
684 3776 848 3845 χαριζόμενος
858 3775 1030 3848 Κασσάνδρῳ.
1052 3777 1126 3828 Tum
1140 3775 1177 3830 ad
1190 3776 1303 3846 δράκων]
1314 3780 1329 3829 ὁ
1339 3778 1423 3829 Πολυ-

271 3846 403 3914 σπέρχων,
416 3844 458 3897 latr
474 3846 503 3898 τὸ
521 3845 593 3899 ἰῶδες
608 3849 658 3898 τῶν
674 3846 825 3914 φαρμάκων,
838 3846 872 3900 ὧς
884 3847 1030 3916 φαρμάκοις
1045 3847 1122 3899 αὐτὸν
1138 3846 1244 3902 ἀνελών.
1270 3850 1308 3902 Et
1322 3847 1360 3901 ad
1373 3848 1423 3914 803

270 3918 315 3972 τὸν
327 3914 444 3986 Ἠρακλῆ
456 3919 548 3968 τοῦτον
560 3914 610 3969 άπὸ
623 3913 715 3981 ταύτης
729 3915 801 3986 λέγει
819 3917 976 3988 κατάγεσθαι
988 3919 1033 3984 τῆς
1046 3918 1142 3986 σειριῖς,
1156 3916 1195 3969 ότι
1208 3919 1223 3970 ό
1235 3916 1329 3972 τούτου
1343 3919 1423 3986 πατὴρ

271 3984 443 4056 Ἀλέξανδρος
455 3988 469 4038 ό
482 3986 614 4054 Μακεδὼν,
627 3987 690 4038 κατὰ
705 3987 751 4054 μέν
763 3987 807 4040 τόν
818 3985 917 4056 πατέρα
931 3987 967 4042 εἷς
977 3984 1110 4056 Ἠρακλέα
1122 3989 1163 4041 καί
1175 3988 1282 4058 Περσέα
1294 3989 1383 4059 ἀνάγει
1395 3989 1425 4042 τό

270 4057 354 4132 γένος·
372 4057 435 4110 κατὰ
447 4057 475 4109 δι’
487 4056 592 4126 μητέρα,
605 4057 640 4111 είς
653 4060 836 4126 Νεοπτόλεμον
848 4059 889 4111 καὶ
901 4056 1026 4127 Ἀχιλλέα
1039 4059 1080 4111 καὶ
1091 4056 1192 4113 Αίακον.

309 4131 395 4183 Hunc
409 4127 570 4195 Heraclem,
587 4127 720 4182 Barsines
737 4138 765 4182 et
782 4129 934 4188 Alexandri
953 4127 1052 4198 Magni
1070 4129 1166 4198 filium,
1180 4146 1292 4185 ueneno
1305 4129 1426 4185 exstinc-

271 4201 332 4254 tum
350 4199 379 4253 in
398 4197 488 4267 epulis
507 4216 525 4253 a
544 4198 763 4268 Polysperconte
781 4199 810 4253 in
828 4199 948 4268 gratiam
968 4200 1121 4255 Cassandri
1142 4202 1237 4270 (Paus.
1253 4199 1288 4256 ix
1303 4215 1329 4268 7.
1342 4200 1369 4269 2)
1388 4200 1426 4262 ab,
1492 4212 1494 4219 “

273 4269 378 4328 Ouidio
391 4268 542 4338 significari
556 4269 641 4323 credo
653 4269 779 4339 potuisse
791 4269 835 4323 his
849 4270 950 4326 causis.
970 4308 972 4310 -

311 4356 333 4395 1.
358 4339 547 4395 Aeacidarum
568 4350 692 4408 gentem,
714 4340 835 4409 primurn
858 4341 936 4411 Epiri
958 4358 1048 4410 reges,
1067 4340 1171 4397 deinde
1194 4342 1424 4412 Neoptolemum,

272 4410 421 4479 Achillem,
440 4413 567 4466 Aeacum
585 4428 636 4480 per
653 4421 774 4466 matrem
793 4411 894 4481 attigit.
931 4414 1009 4467 Nam
1027 4413 1180 4467 Plutarcho
1198 4423 1271 4468 teste
1290 4415 1387 4483 Pyrrh.
1406 4413 1425 4467 i.

273 4484 456 4552 Νεοπτόλεμος
470 4484 484 4535 ό
496 4482 640 4553 Ἀχιλλέως
656 4482 720 4537 λαόν
735 4482 839 4557 ἀγαγὼν
855 4484 932 4539 αὐτός
947 4506 976 4538 τε
994 4483 1040 4556 τὴν
1056 4486 1143 4555 χώραν
1157 4484 1300 4556 (Epirum)
1315 4486 1427 4554 xdreoye
