3038 4988
224 382 280 437 122
625 373 913 438 COMMENTARI
945 375 973 434 S.

222 533 363 589 nesciebat.
377 535 466 604 coepit
476 534 547 586 uelle
557 533 638 602 filios
649 535 710 586 eius
725 550 829 587 necare.
842 534 887 586 rei
900 533 1045 599 consciam,
1058 546 1144 600 quam
1159 530 1308 599 captiuam
1325 545 1383 582 esse

222 606 354 673 credebat,
367 608 459 674 ipsam
476 606 592 657 Inonem
608 607 737 674 sumpsit,
750 611 777 659 et
794 605 823 658 ei
838 605 914 658 dixit
928 608 962 656 ut
970 604 1052 673 filios
1069 618 1133 654 suos
1149 601 1281 654 candidis
1295 601 1381 653 uesti-

223 678 325 730 mentis
336 679 463 746 operiret,
473 676 657 746 Inomsfilios
669 678 768 745 m'gris.
800 675 854 728 Ino
865 691 930 727 suos
941 674 1076 739 candidos,
1089 673 1116 725 T
1112 672 1278 725 hemistonis
1286 664 1382 740 pullis

224 750 341 816 operuit.
361 754 429 800 tunc
450 748 477 799 T
474 747 590 799 immisto
607 747 718 815 decepta
739 762 804 799 suos
814 746 896 814 filios
913 745 1018 798 occidit.
1038 744 1072 797 id
1087 743 1136 796 ubi
1153 744 1248 796 resciit
1265 743 1331 810 ipsa
1352 759 1381 794 se

224 820 342 872 necauit.
423 820 490 871 310.
502 820 637 870 Leucon.
652 817 699 870 Sic
712 816 804 870 dictus
818 826 860 870 est
873 832 971 884 regum
985 812 1104 883 Bospori
1118 813 1178 866 siue
1193 811 1379 881 Panticapaei

224 889 296 942 serie
310 887 432 957 quintus,
447 887 539 954 Satyri
553 887 634 955 filius,
648 896 728 956 pater
741 886 870 956 Spartoci
885 886 921 940 iii.
938 885 1063 955 (Clinton
1077 886 1109 939 F.
1121 885 1159 938 H.
1173 886 1205 937 T.
1218 898 1243 937 2.
1257 900 1321 951 cap.
1338 898 1379 950 13,

226 961 314 1013 Grote
324 959 399 1012 Hist.
410 958 442 1011 of
452 960 559 1011 Greece
568 958 613 1011 xii.
624 975 651 1027 p.
660 959 733 1026 648).
760 957 901 1025 Regnauit
912 973 1002 1010 annos
1010 971 1047 1021 40
1055 955 1152 1024 (393-3
1157 967 1169 1022 5
1173 969 1189 1021 3
1202 952 1277 1022 B.c.),
1290 953 1379 1007 Diod.

224 1029 279 1083 xiv.
290 1044 332 1097 93,
341 1028 393 1082 xvi.
403 1044 445 1097 31,
456 1038 483 1082 et
494 1045 580 1082 senex
592 1039 734 1098 sceptrum
747 1028 863 1082 tradidit
876 1027 940 1081 filio.
963 1029 1048 1081 Hunc
1058 1025 1247 1080 Athenienses
1261 1023 1379 1078 ciuitate

225 1100 401 1153 donauerunt
415 1110 529 1168 propter
541 1117 638 1153 curam
651 1116 707 1169 qua
719 1100 890 1152 frumentum
904 1117 937 1152 ex
951 1100 1080 1167 Bosporo
1090 1098 1219 1150 Athenas
1232 1094 1379 1149 transmit-

225 1171 342 1224 tendum
360 1180 542 1238 susceperat:
568 1169 647 1223 cuius
664 1170 704 1223 rei
723 1179 938 1223 monumentum
953 1178 1029 1222 extat
1047 1167 1076 1221 in
1094 1167 1194 1220 Piraeo
1209 1175 1324 1234 reperta
1337 1165 1379 1218 in·

226 1240 342 1309 scriptio
362 1241 559 1308 (Kumanudes
585 1240 614 1293 in
635 1242 785 1295 Athenaeo
806 1243 838 1294 T.
858 1239 894 1294 vi.
914 1257 939 1308 p.
963 1252 1020 1307 152,
1040 1240 1074 1293 A.
1095 1238 1232 1291 Schaefer
1250 1236 1277 1288 in
1300 1236 1376 1290 Mus

226 1312 317 1365 Rhen.
332 1310 414 1363 xxxiii
427 1328 454 1380 p.
467 1311 530 1379 419)
545 1311 592 1364 ubi
607 1313 760 1380 Spartocus
777 1321 805 1364 et
824 1310 990 1364 Paerisades
1009 1308 1148 1363 Leuconis
1162 1307 1209 1360 filii
1224 1307 1378 1360 laudantur

225 1392 253 1435 et
273 1392 450 1448 coronantur,
464 1392 493 1436 ut
510 1382 570 1451 ipse
587 1393 672 1435 antea
689 1399 753 1435 cum
770 1391 850 1452 patre
865 1384 967 1449 Satyro
986 1381 1084 1434 iuerat.
1123 1381 1284 1432 Leuconem
1301 1377 1378 1431 illus-

226 1462 298 1505 trem
311 1452 397 1506 suisse
415 1453 497 1506 docet
510 1470 567 1505 non
580 1453 671 1506 solum
687 1454 786 1506 crebra
803 1451 1035 1506 commemoratio
1049 1453 1133 1503 Dem.
1149 1451 1227 1518 Lept.
1242 1449 1377 1516 467-469,

227 1524 320 1577 Strab.
340 1538 399 1591 301,
418 1538 478 1591 310,
496 1539 555 1591 311,
574 1524 707 1591 Polyaen.
724 1542 750 1577 v.
766 1538 808 1591 44,
825 1523 860 1576 vi.
874 1538 899 1591 9,
918 1524 989 1576 Plut.
1009 1524 1081 1574 Mor.
1099 1535 1174 1587 1043,
1191 1520 1295 1573 Athen.
1315 1532 1378 1586 257,

226 1595 287 1647 Ael.
302 1595 334 1647 V.
351 1596 389 1647 H.
402 1594 436 1647 vi.
455 1609 493 1662 13,
507 1596 578 1648 Aen.
596 1597 675 1648 Tact.
689 1612 715 1662 v,
735 1595 786 1647 sed
805 1594 881 1664 quod
900 1610 964 1646 cum
988 1593 1158 1660 ldanthyrso
1181 1590 1288 1658 Scytha
1311 1606 1379 1643 con-

227 1663 350 1732 iungitur
368 1682 385 1717 a
399 1664 557 1733 Chrysippo
576 1666 811 1733 ap.Plut.1043;
830 1681 924 1718 acrem
943 1663 972 1716 in
991 1663 1187 1732 delinquentes
1206 1677 1259 1714 nec
1278 1670 1379 1714 tamen

227 1736 370 1789 crudelem
391 1745 530 1789 testantur
548 1737 619 1789 Aen.
638 1735 770 1790 Tacticus
790 1755 815 1804 v,
834 1736 998 1788 Athenaeus
1017 1746 1088 1803 257:
1118 1733 1225 1786 bonum
1244 1749 1278 1784 ex
1299 1732 1380 1785 Stra-

225 1806 308 1859 bonis
327 1806 420 1860 uerbis
440 1805 536 1859 elicias
550 1821 603 1874 310
617 1805 754 1859 ἐκαλοῦντο
774 1805 801 1858 δέ
816 1805 943 1874 τῦραννοι,
957 1806 1046 1874 καίπερ
1064 1804 1088 1856 οἱ
1106 1804 1210 1857 πλείους
1228 1802 1381 1857 ἐπιεικεῖς

226 1879 360 1946 γεγονότες
380 1877 548 1944 ἀρξάμενοι
568 1877 625 1930 ἀπὸ
645 1876 826 1945 Παρισόδου
851 1877 899 1928 καί
919 1874 1073 1929 Λεύκωνος
1090 1883 1118 1928 et
1137 1872 1240 1927 Dionis
1255 1874 1336 1926 Orat.
1349 1871 1380 1926 ii.

225 1964 253 2016 p.
271 1963 315 2000 101
333 1947 446 2014 Reiske,
463 1965 548 2017 quern
562 1945 709 2001 Clintonus
728 1947 834 2015 citauit,
847 1949 892 2001 τὸν
907 1947 936 1999 δέ
952 1968 982 2036 γε
999 1946 1116 2015 ἀνδρεῖον
1132 1947 1172 1996 καὶ
1189 1944 1381 2014 φιλάνθρωπον

227 2019 268 2070 καὶ
280 2021 333 2072 τοῖς
345 2019 464 2085 ὑπηκόοις
476 2022 564 2071 εὔνουν
582 2057 588 2071 .
610 2058 616 2071 .
636 2058 643 2073 .
661 2040 706 2085 της
719 2040 808 2087 αρετης
821 2017 850 2086 (o
858 2017 935 2088 Ζευς)
947 2018 1081 2088 αγάμενος,
1092 2016 1126 2070 ὣς
1137 2018 1167 2068 τὸ
1179 2014 1248 2068 πολὺ
1260 2015 1308 2082 μὲν
1320 2014 1380 2084 όγει

225 2090 290 2155 πρὸς
306 2091 393 2158 γῆρας,
407 2090 520 2154 καθάπερ
537 2087 662 2155 ἀκούομεν
677 2091 762 2157 Κῦρόν
773 2110 800 2140 τε
815 2090 856 2142 καί
870 2091 979 2155 Δηίόκην
995 2089 1040 2140 τόν
1053 2087 1143 2153 Μῆδον
1159 2086 1199 2137 καί
1211 2084 1382 2154 Ἀγάθυρσον

225 2161 270 2211 τὸν
285 2159 383 2226 Σκύθην
400 2161 440 2212 καὶ
455 2158 581 2212 Λεύκωνα.
620 2159 697 2214 Talis
714 2159 761 2230 qui
775 2158 836 2228 fuit,
849 2170 877 2213 et
893 2177 979 2212 senex
995 2168 1022 2212 et
1038 2157 1103 2211 felix
1119 2166 1245 2210 mortuus
1264 2165 1318 2221 est,
1331 2155 1381 2208 uix

227 2245 291 2282 cum
310 2229 403 2283 fratris
417 2247 502 2283 uxore
515 2230 683 2284 adulterium
701 2231 802 2298 facere,
815 2232 860 2284 uel
879 2231 915 2283 ab
933 2230 987 2282 hac
1004 2228 1098 2282 necari
1112 2236 1230 2295 poterat,
1250 2236 1280 2279 ut
1300 2226 1381 2280 nulla

226 2309 323 2354 tantae
335 2302 494 2367 περιπετείας
506 2302 630 2354 narratio
643 2301 772 2355 extiterit.
811 2301 887 2354 Hinc
900 2302 1052 2354 Leuconem
1066 2298 1159 2368 potius
1172 2296 1298 2364 intelligo
1313 2314 1381 2350 eum

228 2370 275 2439 qui
293 2389 327 2424 ex
340 2381 471 2441 quattuor
484 2371 546 2425 filiis
564 2372 745 2426 Athamantis
764 2381 791 2426 et
809 2371 1002 2425 Themistonis
1019 2370 1077 2437 suit,
1091 2368 1210 2423 testibus
1225 2368 1381 2421 Herodoro

228 2457 273 2510 ap.
294 2442 387 2495 Schol.
401 2443 453 2511 Ap.
472 2444 506 2496 R.
524 2442 550 2495 ii.
573 2458 647 2510 1144,
666 2443 840 2512 Apollodoro
853 2442 868 2496 i.
884 2458 907 2511 9.
922 2457 946 2509 2,
967 2444 1067 2495 Tzetza
1085 2441 1123 2494 ad
1143 2442 1207 2507 Lyc.
1227 2453 1270 2492 21.
1310 2440 1380 2491 Non

227 2513 346 2565 multum
359 2528 453 2565 moror
469 2512 545 2582 quod
559 2513 678 2566 filiorum
694 2513 810 2567 nomina
826 2530 897 2583 quos
910 2512 1057 2566 Themisto
1070 2510 1181 2578 occidit,
1196 2509 1337 2562 Plinthius
1351 2519 1381 2563 et

228 2584 425 2636 Orchomenus
452 2593 516 2636 sunt
541 2600 585 2652 ap.
614 2584 720 2653 Hygin.
738 2599 797 2652 239.
835 2582 909 2638 Vide
928 2601 1000 2653 quae
1019 2583 1056 2636 ad
1077 2584 1178 2650 Hyg.1
1202 2580 1381 2634 Munckerus

229 2653 363 2708 enotauit.
417 2657 478 2708 811.
498 2658 662 2708 carissimo
670 2672 803 2719 corpora
812 2650 905 2708 uxoris
915 2664 943 2708 et
956 2653 1185 2707 concubinarum.
1210 2652 1381 2704 Athenaeus

230 2735 280 2791 529
293 2742 326 2777 ex
341 2723 436 2778 Ctesia
448 2735 542 2778 narrat
557 2725 792 2794 Sardanapallum
809 2725 926 2794 periisse
938 2726 1021 2795 πυρὰν
1033 2723 1145 2791 νήσαντα
1158 2720 1228 2811 ipos
1240 2721 1383 2790 τεσσάρων

226 2795 354 2861 πλέθρων,
365 2794 408 2865 ἐφ’
421 2794 450 2863 ἧς
462 2795 569 2862 ε’πέθηκε
581 2798 682 2865 χρυσᾶς
698 2797 785 2851 κλίνας
797 2797 886 2849 ἑκατὸν
902 2797 944 2848 καὶ
955 2793 1111 2862 πεντηκοντα
1128 2794 1168 2846 καὶ
1181 2813 1240 2846 ισας
1251 2791 1383 2861 τραπέζας

228 2867 268 2917 καὶ
287 2864 380 2920 τοῦτας
395 2868 502 2935 χρυσᾶς.
528 2866 634 2934 ε’ποίηαέ
653 2867 681 2919 δὲ
696 2867 724 2920 ἐν
741 2867 772 2934 τῇ
790 2869 858 2935 πυρᾷ
878 2867 917 2919 καὶ
937 2864 1028 2933 οἴκημα
1046 2864 1221 2933 ἕκατόμποδον
1236 2863 1264 2915 ἐκ
1281 2861 1381 2931 ξύλων,

227 2935 354 2989 κάνταῦθα
367 2937 452 2991 κλίνας
464 2937 624 3007 ὑπεστόρεσε
636 2938 678 2990 καί
690 2938 823 3004 κατεκλίθη
832 2937 941 2990 ἐνταῦθα
953 2937 1029 2992 οὗτός
1037 2958 1065 2990 τε
1078 2935 1118 2988 καί
1130 2934 1194 3003 μετὰ
1206 2935 1251 3000 τῆς
1260 2934 1383 3003 γυναικὸς

227 3007 305 3060 αὐτοῦ
319 3008 359 3060 καί
372 3008 398 3060 oi
409 3009 564 3063 παλλακίδες
577 3008 605 3062 ε’ν
617 3011 672 3063 ταῖς
684 3008 776 3063 ε’ίλλαις
788 3010 893 3064 κλίναις.
931 3006 1087 3077 (Saluagn.)
1225 3007 1291 3058 312.
1307 3008 1383 3058 Sar·

227 3081 421 3142 danapallus.
452 3080 555 3133 Athen.
572 3093 622 3148 529
634 3079 853 3147 Σαρδανάπαλλος
869 3078 898 3132 ὃν
911 3080 934 3132 οἶ
951 3080 998 3147 μὲν
1010 3076 1234 3146 Ἀνακυνδαράξεω
1250 3075 1383 3145 λέγουσιν

227 3150 290 3214 vido,
303 3151 327 3201 σί
340 3149 367 3203 δὲ
379 3148 566 3220 Ἀναβαξάρου.
629 3153 694 3205 313.
712 3153 824 3214 Libyol
838 3150 914 3204 Iouis
927 3148 1085 3203 Ammonis.
1115 3151 1234 3201 uiolare
1247 3145 1383 3215 ἐμπρῆσαι

229 3220 338 3274 Herod.
360 3221 398 3275 iii.
419 3234 460 3289 25.
509 3227 658 3286 parantes
679 3221 783 3275 milites
802 3220 905 3274 missos
925 3238 942 3274 a
966 3221 1107 3288 Cambyse
1128 3236 1194 3287 rege
1217 3220 1383 3271 Persarum.

228 3295 294 3345 314.
311 3295 394 3346 Aeta
405 3299 480 3347 noto
493 3309 558 3346 cum
571 3293 643 3347 inter
656 3292 745 3346 Oasin
759 3301 786 3345 et
799 3290 967 3345 Ammonios
980 3290 1066 3345 medii
1078 3298 1181 3357 essent,
1194 3289 1298 3356 λέγεται
1318 3327 1326 3341 .
1345 3327 1352 3341 .
1374 3329 1381 3342 .

201 3380 203 3386 ’
227 3362 336 3430 όριστον
366 3364 538 3431 αἱρεομένοισι
572 3364 687 3417 αὐτέοισι
718 3363 869 3416 ἐπιπνεῦσαι
903 3361 977 3416 νότον
1010 3362 1091 3431 μέγαν
1121 3382 1149 3414 τε
1180 3362 1220 3412 καί
1252 3358 1383 3426 ε’ξαίσιον,

228 3434 358 3501 φορέοντα
376 3433 403 3506 δὲ
420 3433 490 3488 θῖνας
505 3435 550 3499 τῆς
566 3435 676 3502 ψάμμου
690 3438 837 3503 καταχῶσαι
852 3431 938 3502 σφέας
955 3435 995 3486 καί
1010 3434 1098 3503 τρόπῳ
1112 3428 1218 3501 τοιούτῳ
1229 3429 1383 3497 ἀφανισθῆ-

228 3523 276 3556 ναι.
316 3503 423 3557 Herod.
443 3503 479 3557 iii.
496 3504 531 3557 26
549 3504 657 3573 (Const.
672 3504 753 3571 Fan.)
861 3507 926 3558 315.
945 3510 1128 3558 necatorum
1144 3504 1241 3555 Darei
1257 3502 1384 3554 fraude.

228 3573 292 3626 Val.
312 3573 461 3642 Maximus,
481 3574 556 3628 unde
574 3591 625 3629 sua
645 3575 721 3629 duxit
745 3574 933 3642 Scholiasta*,
955 3577 1027 3629 haec
1047 3572 1115 3627 dicit
1137 3572 1172 3628 ix.
1186 3572 1241 3626 πό
1261 3572 1383 3627 Extern.
1456 3593 1458 3597 ⁴

231 3641 324 3696 Ocizus
353 3649 446 3697 autem
476 3647 530 3714 qui
552 3649 651 3715 postea
677 3647 789 3699 Darius
818 3647 979 3716 appellatus
1006 3650 1053 3713 est,
1078 3645 1252 3698 sanctissimo
1280 3643 1385 3697 Persis

228 3714 413 3767 iureiurando
437 3715 591 3784 obstrictus,
611 3733 646 3770 ue
668 3734 749 3786 quem
773 3733 810 3770 eu
832 3719 1031 3783 coniuratione,
1053 3732 1125 3785 quae
1147 3719 1249 3784 septem
1272 3714 1385 3784 Magos

228 3801 291 3838 cum
318 3801 348 3837 eo
376 3790 557 3855 oppresserat,
582 3793 634 3840 aut
657 3804 762 3841 ueneno
790 3793 842 3841 aut
862 3789 946 3858 ferro
972 3793 1024 3840 aut
1049 3787 1112 3840 ulla
1141 3787 1175 3838 ui
1202 3790 1254 3837 out
1279 3786 1385 3854 inopia

227 3856 426 3916 alimentorum
439 3863 555 3924 necaret,
565 3859 747 3911 crudeliorem
760 3860 860 3911 mortis
871 3861 1009 3912 rationem
1021 3857 1200 3926 excogitauit,
1213 3872 1271 3924 qua
1283 3872 1384 3908 onero-

226 3943 270 3979 sos
291 3928 347 3980 sibi
367 3944 424 3980 nou
444 3932 583 3998 perrupto
606 3931 753 3999 religionis
777 3930 891 3983 uinculo
915 3931 1030 3983 tollerat.
1068 3929 1187 3996 Septum
1211 3927 1285 3978 euim
1312 3928 1386 3982 altis

221 3999 381 4068 parietibus
393 3999 483 4052 locum
495 4002 587 4054 cinere
598 4002 754 4071 compleuit,
766 4001 964 4073 suppositoque
974 4002 1054 4070 tigno
1064 4000 1250 4068 prominente,
1264 3997 1387 4067 benigne

225 4070 283 4123 cibo
304 4075 332 4123 et
346 4072 462 4140 potione
481 4076 605 4140 exceptos
626 4074 657 4124 in
675 4089 705 4125 eo
722 4072 891 4136 collocabat;
914 4089 928 4124 e
945 4088 1000 4141 quo
1018 4087 1114 4123 somno
1132 4069 1224 4138 sopiti,
1242 4069 1274 4120 iu
1296 4070 1385 4123 illam

226 4141 391 4194 insidiosam
409 4145 563 4213 congeriem
582 4143 747 4196 decedebant.
788 4145 868 4212 Quae
881 4140 1037 4196 coniuratio
1056 4141 1111 4194 ista
1129 4138 1219 4207 fuerit,
1235 4138 1385 4207 nescitur;

226 4211 338 4266 uidetur
356 4230 407 4281 per
424 4230 546 4268 errorem
566 4215 651 4267 ducta
669 4231 703 4267 ex
723 4214 829 4269 Herod.
846 4213 882 4267 iii.
898 4226 933 4279 70
945 4230 1005 4282 sqq.
1026 4211 1073 4266 ubi
1094 4210 1225 4264 Dariusl
1245 4225 1311 4262 cum
1332 4228 1386 4266 sex

226 4282 288 4336 aliis
313 4286 414 4352 Magos
435 4293 556 4355 occupat
576 4284 760 4354 trucidatque.
809 4284 919 4339 Ctesias
941 4293 1073 4354 quattuor
1095 4290 1299 4337 commemorat
1325 4282 1385 4337 hac

260 4429 279 4539 *ἑ
291 4428 375 4477 Nescio
386 4445 433 4490 quo
446 4447 524 4478 errore
536 4430 596 4478 hanc
608 4429 727 4478 historiam
743 4429 766 4476 in
783 4438 893 4490 apparatu
908 4429 1017 4478 ficticiam
1030 4431 1086 4478 dlxi.
1120 4428 1212 4476 Ficticia
1224 4442 1272 4475 non
1284 4437 1328 4488 est,
1342 4430 1385 4477 sed

222 4507 266 4540 con
277 4509 323 4542 usa.
