3126 4980
205 411 261 466 100
688 403 868 463 SCHOLIA

247 581 314 640 599.
336 562 581 639 Diripiantque
601 573 688 620 tuos.
725 552 851 619 Dixerat
868 558 998 635 superius
1013 557 1049 616 de
1065 564 1166 615 morte
1180 554 1314 631 Orphei,
1329 553 1376 611 hic

204 656 304 705 autem
318 645 355 704 de
369 663 476 720 genere
490 645 602 716 mortis,
616 661 705 719 quem
720 644 846 700 mulims
860 641 1081 716 discerpserunt
1127 637 1170 696 G.
1340 713 1344 719 Ι

247 726 385 803 Orpheus
396 726 501 801 Oeagri
515 737 543 783 et
554 725 699 801 Calliopes
713 725 788 782 filius
802 723 963 782 castitatem
973 721 1151 796 praedicans
1163 720 1197 776 in
1209 717 1374 782 †Caucaso

204 820 314 879 monte,
338 827 356 866 a
380 807 547 865 mulieribus
574 807 649 865 illius
673 808 731 865 loci
754 805 931 874 interfectus,
956 803 1130 861 dilaceratus
1156 801 1224 860 fuit.
1283 799 1373 858 Ouid.

205 890 298 948 Meta.
343 887 377 946 C.

247 968 384 1045 Orpheus
402 968 456 1028 brit
474 968 593 1046 quidam
613 970 731 1043 sapiens
749 969 810 1045 qui,
824 978 982 1045 postquam
996 982 1120 1023 uxorem
1135 963 1285 1041 perdidit,
1300 962 1373 1021 nulli

205 1051 298 1110 uoluit
318 1051 483 1110 adhaerere.
523 1050 603 1108 unde
625 1050 799 1109 Strimoniae
819 1049 955 1108 mulieres
975 1049 1071 1125 ipsum
1092 1047 1284 1123 ceciderunt,
1303 1045 1371 1120 quia

206 1131 340 1209 pulcrum
353 1132 499 1191 uidebant.
540 1133 579 1190 P.

249 1215 317 1270 601.
339 1213 450 1272 Natus
463 1224 499 1272 ut
513 1213 673 1272 Altheae.
713 1212 760 1271 De
843 1212 994 1288 Meleager
1004 1209 1125 1268 Altheae
1138 1219 1170 1266 et
1183 1207 1282 1266 Oenei
1293 1209 1370 1283 regis

207 1294 360 1371 Meleagro
370 1304 399 1353 et
410 1296 516 1353 Althea
529 1307 620 1353 matre
630 1297 698 1354 eius.
723 1293 761 1353 G.
804 1293 974 1354 Calidoniae
990 1293 1065 1351 filius
1081 1289 1163 1349 latali
1186 1290 1291 1367 stipite
1309 1291 1371 1366 igni

803 1395 822 1434 a
834 1389 926 1434 matre
940 1375 1077 1450 imposito
1090 1373 1212 1430 occisus
1229 1383 1287 1442 est,
1303 1373 1372 1448 quia

804 1457 904 1515 batres
925 1475 994 1515 suae
1015 1455 1114 1513 matris
1135 1454 1317 1529 Toxippum
1343 1462 1373 1512 et

804 1539 982 1615 Plexippum
1026 1535 1223 1595 interiecerat.
1303 1535 1372 1595 Oui.

805 1621 896 1679 Meta
940 1619 975 1677 C.

250 1704 319 1776 603.
363 1701 408 1759 Vt
449 1719 539 1761 noua
580 1701 761 1761 Phasiaca.
844 1702 942 1772 Iason,
954 1698 1180 1764 relictaMedea,
1191 1698 1373 1774 superduxit

209 1783 327 1854 Medea,
351 1783 450 1841 relicta
472 1803 491 1842 a
512 1784 620 1842 Iasone
645 1796 764 1860 propter
804 1783 945 1854 Glaucen,
963 1801 1038 1859 quae
1052 1800 1070 1839 a
1086 1780 1272 1856 quibusdam
1291 1781 1373 1838 dice·

209 1864 353 1924 Creusam
384 1865 472 1922 filiam
499 1865 637 1936 Creontis,
669 1866 763 1941 ipsam
803 1868 889 1924 batur
902 1865 1021 1933 Creusa,
1035 1863 1136 1938 magni
1155 1862 1238 1936 regis
1255 1861 1374 1920 Creon·

209 1965 278 2005 cum
310 1958 391 2021 patre
419 1964 474 2004 suo
505 1958 534 2005 et
563 1958 626 2005 tota
656 1944 764 2004 lamilia
804 1949 840 2005 tis
851 1946 918 2017 filia,
927 1946 1004 2004 unde
1015 1944 1124 2003 Medea
1134 1945 1208 2000 irata
1220 1961 1374 2002 coronam

210 2029 380 2087 combussit
425 2026 462 2086 G.
807 2023 1023 2107 [in]toxicatam
1044 2025 1174 2084 Glaucae
1195 2025 1289 2095 misit,
1314 2044 1376 2102 qua

252 2126 395 2167 corona.
438 2106 536 2180 Quam
557 2108 666 2168 Medea
688 2109 766 2167 misit
806 2111 908 2168 induta
918 2109 1030 2168 Glauce
1044 2118 1074 2165 et
1088 2106 1189 2164 Creon
1204 2118 1295 2182 pater
1310 2109 1376 2165 eius

211 2190 257 2261 ei;
280 2208 370 2264 aqua
385 2191 538 2247 combusta
551 2203 604 2250 est
646 2190 684 2250 G.
808 2204 837 2250 et
856 2202 916 2249 tota
937 2190 1043 2248 domus
1064 2189 1221 2246 combusta
1245 2201 1305 2261 est,
1329 2186 1377 2268 [ut

807 2269 859 2351 ait]
875 2272 1006 2331 Ouidius.
1051 2269 1079 2329 C
1090 2276 1117 2327 et
1128 2269 1201 2327 Ask.

255 2352 324 2423 605.
355 2350 399 2407 Vt
430 2368 535 2421 cruor
560 2352 765 2412 Herculeos.
848 2354 969 2424 Nessus,
987 2369 1142 2429 percussus
1161 2351 1276 2426 sagitta
1294 2352 1378 2410 Her-

213 2432 326 2490 Notum
348 2443 392 2490 est
415 2432 536 2508 qualiter
558 2433 702 2493 Hercules
724 2435 766 2492 in-
807 2437 887 2507 culis,
905 2437 1056 2493 inuentam
1073 2433 1227 2492 tamisiam
1250 2453 1380 2493 ueneno

212 2513 304 2572 terula
319 2514 408 2571 missa
421 2516 566 2573 interierit
612 2514 649 2575 G.
809 2519 933 2592 sagittae
943 2518 1095 2574 intinctam
1105 2514 1272 2574 Deianirae
1283 2535 1380 2592 quam

808 2609 942 2674 rapuerat
956 2599 1042 2666 dedit,
1057 2598 1157 2655 dicens
1172 2597 1261 2671 quod
1281 2599 1379 2657 irrita-

809 2693 941 2737 mentum
964 2697 1072 2738 amons
1094 2697 1121 2736 er
1145 2695 1276 2736 camisia
1301 2681 1379 2739 erit:

811 2780 901 2837 quam
921 2762 985 2838 ipsa
1004 2761 1082 2818 misit
1099 2759 1223 2818 Herculi
1246 2781 1307 2837 per
1326 2762 1380 2820 Li-

811 2862 877 2901 cam
905 2845 974 2919 quia
1001 2844 1064 2918 ipse
1092 2841 1242 2899 dimiserat
1278 2845 1383 2919 ipsam

810 2942 865 3000 pro
880 2925 950 2994 Iole,
964 2935 997 2982 ut
1012 2924 1039 2982 d.
1056 2921 1189 2981 Ouidius.
1236 2923 1276 2982 C.

256 3005 325 3078 607.
348 3002 424 3076 Qua
445 3022 506 3064 sua
523 3002 761 3063 Penthaliden.
803 3005 946 3082 Licurgus
961 3007 1035 3063 filius
1050 3004 1175 3063 Penthili
1190 3005 1229 3062 ab
1243 3005 1383 3067 inimicis

251 3186 313 3234 599.
331 3170 530 3223 meretricesG
600 3170 690 3235 oragri
703 3175 732 3223 et
744 3169 888 3238 caliopisC
959 3172 1022 3224 Mer.
1034 3172 1087 3222 XI.
1104 3172 1179 3234 1-67.

252 3244 314 3292 601.
332 3241 404 3292 altea
421 3242 444 3293 G
530 3237 594 3308 eius]
613 3257 661 3292 sua
681 3241 705 3293 G
788 3242 860 3293 altee
878 3243 901 3295 G
987 3242 1064 3294 conis
1083 3243 1105 3295 C
1192 3242 1333 3310 toxipum
1352 3252 1384 3298 et

215 3312 375 3377 sexipumC
422 3313 545 3379 Taeippus
563 3315 585 3361 is
602 3323 639 3363 est
657 3314 701 3378 qai
718 3314 811 3364 Toxeus
827 3314 923 3366 dicitur
936 3313 1001 3365 Met.
1020 3315 1094 3364 VIII.
1109 3330 1171 3377 441,
1188 3313 1269 3366 Lacr.
1288 3317 1384 3370 Narr.

217 3383 282 3434 Fab.
300 3383 372 3433 VIII.
387 3401 412 3444 4,
425 3381 500 3432 Bodii
512 3382 644 3449 Mythogr.
658 3385 680 3432 I.
696 3399 755 3446 204.
791 3384 928 3452 Plexippus
942 3386 1008 3436 inter
1016 3384 1088 3451 filios
1100 3385 1193 3435 Ihestii
1209 3400 1384 3440 memoratur
1451 3406 1454 3413 ·

215 3452 250 3504 ab
263 3452 380 3519 Apollod.
394 3453 417 3502 I.
434 3466 459 3511 7.
476 3469 516 3514 ro,
534 3453 617 3503 Schol.
629 3453 662 3504 11.
677 3454 728 3506 IX.
747 3456 808 3519 563,
821 3455 886 3522 Hyg.
902 3470 960 3517 173,
973 3455 1048 3506 Lace.
1065 3455 1101 3506 N.
1115 3455 1144 3506 F.
1163 3456 1239 3507 VIII.
1257 3477 1288 3523 4,
1302 3459 1385 3512 Rodii

216 3523 302 3585 Myra
316 3524 338 3571 I.
354 3537 413 3583 204,
426 3521 516 3572 Ouidio
528 3522 592 3574 Met.
607 3524 680 3573 VIII.
693 3541 754 3587 440.
827 3525 929 3578 metha.
941 3526 965 3577 C
1000 3526 1073 3576 VIII.
1086 3542 1147 3588 445.

253 3594 314 3654 603.
333 3592 455 3642 creuntis
468 3593 492 3643 G
599 3594 646 3659 qui
654 3607 703 3662 pm
715 3596 821 3662 quaec
925 3594 1080 3665 dicebatur]
1094 3595 1237 3647 nominata
1248 3605 1297 3650 est
1311 3603 1385 3654 Ask.

217 3663 308 3725 magni
320 3663 399 3712 etim
412 3663 478 3713 Ask.
513 3663 578 3714 Hor.
590 3664 671 3731 Epod.
685 3667 714 3717 V.
727 3668 771 3728 64.
884 3666 997 3717 Creonti
1011 3668 1033 3720 C
1137 3666 1297 3721 toxicatam
1310 3674 1383 3725 Ask.

216 3731 358 3798 glauceiG
427 3740 458 3783 ut
470 3733 509 3783 ait
522 3754 570 3786 om.
583 3736 649 3787 Ask.
721 3736 835 3788 Ouidius
847 3738 887 3788 M.
901 3737 960 3788 VII.
975 3755 1034 3802 394,
1048 3755 1073 3801 5.

253 3804 315 3866 ⁶05·
333 3801 514 3855 camiseamG
583 3806 735 3858 camiseaC
803 3808 844 3859 M.
858 3809 908 3860 IX.
925 3825 971 3859 ror
985 3828 1038 3876 sqq.

253 3875 315 3935 607.
333 3874 434 3926 Scholia
453 3875 516 3927 Get
533 3876 599 3929 Ask.
612 3887 641 3929 at
657 3887 744 3945 aptrte
760 3889 882 3946 corrupta
900 3899 932 3930 ac
948 3882 1053 3944 conficta
1068 3881 1117 3930 hut
1133 3877 1250 3946 relegavi
1266 3879 1388 3937 Bachus

218 3944 368 4010 Ligurgum
381 3944 465 3996 filium
484 3945 599 3999 Penthei
612 3946 678 3999 dum
696 3955 851 4014 amputaret
864 3950 941 4015 (imp.
954 3949 1037 4015 Cbis)
1050 3951 1144 4001 uineas
1154 3949 1205 4000 sibi
1223 3950 1276 4017 ipsi
1290 3953 1386 4008 foecit

217 4016 359 4069 abscidere
380 4032 450 4076 crus,
471 4033 629 4086 quanquam
648 4026 720 4070 esset
740 4018 776 4070 de
800 4019 878 4086 prole
902 4020 984 4086 ipsius
1005 4021 1125 4086 Ligurgi,
1145 4028 1177 4071 ut
1198 4019 1226 4073 d.
1247 4022 1385 4080 Ouidius.

216 4088 263 4140 uel
283 4087 335 4139 alia
355 4094 398 4139 est
417 4086 508 4140 fabula
527 4088 659 4141 desumo
679 4089 774 4156 (Simio
792 4089 870 4155 Ask.)
889 4090 945 4142 filio
963 4091 1074 4157 Ligurgi
1092 4092 1138 4158 qui
1157 4092 1185 4142 in
1204 4091 1323 4148 ulcione
1342 4100 1387 4151 sui

216 4160 303 4226 patris
318 4157 476 4211 mterfoecit
491 4159 571 4212 bachi
586 4159 752 4212 sacerdotes.
787 4163 865 4213 Mure
880 4163 955 4213 habet
971 4162 1105 4228 Ligurgus
1118 4162 1203 4214 etiam
1220 4162 1297 4216 alter
1310 4167 1387 4222 filius

217 4229 358 4282 cuiusdam
370 4230 481 4295 penthei
493 4246 509 4282 a
521 4230 575 4283 filia
586 4247 635 4282 sua
647 4246 729 4297 quam
744 4238 869 4297 stuprare
884 4232 971 4284 uoluit
987 4240 1030 4285 est
1048 4233 1154 4285 occisus
1164 4234 1233 4300 quod
1241 4255 1276 4286 ex
1290 4238 1389 4294 Ouidii

218 4302 302 4354 uerbis
315 4302 451 4366 corfinium
466 4303 572 4354 uidetur.
609 4300 765 4370 Salaagnius
782 4303 843 4354 haec
857 4304 934 4355 edidit
951 4303 1036 4355 Butes
1049 4304 1167 4371 Lycurgi
1186 4303 1258 4356 filius
1273 4305 1387 4364 Bacchi

217 4372 375 4422 sacerdotes
396 4371 424 4422 in
445 4372 578 4424 ultionem
599 4373 683 4438 patris
704 4372 784 4423 uariis
804 4373 895 4425 affecit
919 4375 1064 4441 suppliciis
1102 4373 1289 4428 Pentheidem
1311 4380 1388 4436 dicit

219 4443 283 4508 quia
296 4440 436 4492 Pentheus
454 4442 537 4492 filium
554 4442 648 4493 habuit
667 4442 822 4508 Dryantem
836 4444 954 4512 Lycurgi
968 4453 1084 4511 patrem.
1120 4447 1192 4513 Quae
1204 4447 1387 4508 Burmannus

219 4514 257 4563 ad
268 4512 343 4564 Diod.
358 4513 387 4562 V.
401 4529 435 4576 50
446 4515 567 4580 respicere
576 4515 744 4581 existimauit,
757 4533 815 4566 tren
830 4514 873 4568 ilie
890 4518 997 4583 quidem,
1010 4520 1061 4569 nisi
1070 4517 1166 4582 fallor,
1178 4519 1225 4568 sed
1234 4521 1307 4574 nihil
1319 4525 1388 4578 haec
