3082 4980
548 383 874 444 PROLEGOMENA.
1230 382 1290 441 xliii

145 544 280 616 Fuffetio,
304 565 321 620 9
343 543 380 601 de
405 542 502 601 Icariis
527 540 666 600 Romano
687 539 785 612 altero,
811 539 901 598 altero
921 538 1045 612 Graeco,
1071 560 1107 600 10
1129 541 1166 599 de
1187 540 1291 601 Cassio

144 626 235 685 Bruto
250 644 325 703 quae
340 626 376 683 de
392 624 542 695 Pausania,
561 641 596 680 22
612 623 649 680 de
663 622 779 681 Valeria
793 621 1002 680 Tusculanaria
1016 641 1091 698 quae
1106 622 1143 680 de
1162 622 1291 699 Myrrha,

147 727 184 779 24
200 707 284 766 deL.
301 705 452 783 Thymbri,
469 704 584 775 Rustio,
605 703 708 763 Gestio
728 721 803 780 quae
821 704 858 761 de
874 702 1008 774 Hecuba,
1030 703 1184 780 Polydoro,
1206 704 1291 780 Poly·

144 799 281 858 mestore,
305 790 341 845 26
357 787 394 845 de
409 786 561 845 Mamerco
582 796 610 843 et
632 786 721 843 Siluia
742 803 817 860 quae
839 784 876 844 de
898 783 1048 862 Meleagro
1063 795 1091 842 et
1105 785 1236 854 Althaea,
1254 788 1290 844 28

143 872 180 930 de
202 870 317 947 Papirio
338 879 367 927 et
388 867 511 927 Canulia
533 886 608 943 quae
627 867 664 925 de
683 865 823 924 Macareo
844 876 872 924 et
894 864 1020 936 Canace,
1044 885 1081 940 34
1097 867 1134 925 de
1155 866 1292 926 Cominio

142 971 218 1028 quae
240 953 276 1010 de
299 950 472 1044 Hippolyto,
496 964 533 1025 37
556 949 594 1008 de
615 948 685 1007 Fab.
708 947 881 1006 Fabriciano
902 965 978 1023 quae
999 947 1036 1005 de
1057 948 1292 1023 Agamemnone,
1349 1021 1353 1032 Ι

145 1038 182 1108 38
198 1033 235 1092 de
249 1032 378 1091 Fauno
372 1041 413 1089 mt
402 1031 523 1091 terfecto
543 1032 580 1088 ab
595 1029 723 1089 Hercule
738 1048 814 1105 quae
829 1028 866 1087 de
886 1028 1026 1097 Busiride,
1050 1049 1087 1104 39
1109 1030 1145 1088 de
1165 1029 1292 1089 Aemilio

144 1115 307 1174 Censorino
323 1122 351 1179 et
362 1112 485 1171 Aruntio
501 1112 652 1170 Paterculo
667 1112 749 1169 aenei
763 1111 830 1187 equi
845 1120 990 1186 repertore
1005 1129 1080 1186 quae
1095 1112 1131 1169 de
1141 1110 1293 1170 Phalaride

143 1207 172 1254 et
201 1196 305 1254 Perillo
330 1196 414 1253 aenei
441 1194 515 1252 tauri
545 1193 723 1263 fabricatore,
750 1212 788 1264 40
811 1192 847 1250 de
868 1193 968 1250 Annio
998 1210 1061 1250 sese
1091 1193 1122 1249 in
1147 1193 1293 1251 Anienem

144 1277 353 1354 praecipitante
367 1293 443 1352 quae
458 1275 495 1332 de
513 1275 618 1333 Eueno
639 1275 669 1330 in
688 1273 863 1349 Lycorman.
899 1272 937 1330 Et
952 1273 1024 1332 haec
1044 1284 1073 1332 et
1091 1292 1293 1351 quaecumque

144 1360 248 1417 similia
272 1368 343 1416 tunc
367 1357 546 1432 legebantur,
570 1356 665 1432 qualia
689 1355 756 1413 dicit
780 1355 981 1413 Artemidorus
1003 1355 1175 1414 Oneirocrit.
1195 1356 1231 1414 iv.
1254 1358 1292 1429 63

145 1439 248 1499 citatus
279 1459 297 1497 a
326 1437 477 1495 Melneklo
508 1438 594 1494 Anal.
622 1436 707 1494 Alex.
736 1454 764 1511 p.
792 1436 849 1508 258
879 1438 939 1492 Εἰσί
967 1439 1019 1510 γὰρ
1048 1441 1089 1493 καὶ
1116 1439 1186 1510 παρὰ
1213 1441 1293 1492 Λυκό-

144 1525 224 1594 φρονι
246 1522 273 1577 ἒν
294 1526 324 1590 τῇ
348 1521 507 1591 Ἀλεξάνδρᾳ
530 1522 570 1574 καὶ
592 1521 661 1591 παρὰ
674 1519 829 1591 Ἡρακλείδῃ
851 1522 887 1592 τῷ
910 1524 1025 1592 Ποντικῷ
1047 1520 1074 1573 ἐν
1095 1523 1150 1575 ταῖς
1173 1520 1294 1591 Ategua,

145 1605 185 1656 καὶ
204 1605 274 1675 παρὰ
288 1601 420 1676 Παρθενίῳ
441 1602 468 1655 ε’ν
480 1601 628 1669 Ἐλεγείοις,
643 1602 684 1654 καὶ
704 1601 773 1671 παρὰ
793 1600 883 1655 ἄλλοις
903 1603 1013 1656 πολλοῖς
1034 1599 1144 1672 ἱστορίαι
1165 1600 1234 1670 ξέναι
1254 1604 1295 1655 καὶ

144 1684 269 1755 «liparen,
285 1683 366 1739 cuius
381 1681 496 1756 generis
509 1681 583 1739 inter
598 1679 752 1738 Romanos
766 1678 861 1737 Cinna
877 1677 1032 1754 Smyrnam
1046 1678 1174 1740 ediderat
1188 1681 1293 1738 librum

144 1764 288 1822 obscurum
303 1764 367 1821 adea
382 1769 414 1820 ut
428 1770 454 1820 et
473 1763 602 1820 nonnulli
619 1763 677 1819 eries
695 1762 793 1819 aetatis
809 1763 995 1837 grammatici
1005 1763 1035 1818 in
1055 1780 1114 1818 eum
1131 1764 1299 1837 scripserint

144 1863 328 1920 magnamque
347 1862 386 1902 cx
408 1845 466 1901 eius
489 1845 665 1901 enarratione
688 1845 748 1900 sint
768 1843 891 1918 gloriam
917 1845 1052 1899 consecuti
1069 1841 1236 1920 (Philargyr.
1257 1842 1296 1901 ad

144 1927 207 1985 Ecl.
219 1927 255 1986 ix.
269 1925 330 2004 35),
342 1926 399 1983 iam
409 1925 569 1984 innotuisse
579 1924 688 1983 Ouidio
700 1941 764 1982 reor
774 1921 863 1982 cum*
876 1923 1133 1998 Metamorphoses
1144 1924 1295 1982 scribebat.

145 2007 181 2065 Id
197 2025 273 2083 opus
289 2007 387 2066 Roma
406 2007 506 2065 exiens
525 2006 716 2081 inperfectum
735 2005 895 2082 reliquerat,
911 2015 997 2081 atque
1018 2008 1073 2081 c'pte
1089 2023 1142 2063 sua
1159 2015 1297 2081 posuerat

145 2095 264 2147 maestus
287 2090 318 2146 in
343 2090 406 2164 igne
426 2107 511 2145 manu
534 2087 670 2166 (Tristi.
697 2101 722 2161 7.
745 2090 804 2159 16),
827 2096 931 2163 postea
951 2097 1050 2145 tamen
1071 2096 1213 2162 conperto
1235 2105 1296 2145 non

145 2189 212 2230 esse
226 2171 344 2246 penitus
366 2170 512 2227 sublatum
534 2169 587 2227 sed
605 2179 702 2227 extare
721 2169 850 2244 pluribus
872 2169 1009 2244 scripturn
1025 2169 1166 2243 exemplis
1181 2166 1231 2247 (ib.
1249 2188 1296 2243 23,

148 2248 207 2329 24),
222 2253 286 2328 ipse
308 2261 455 2309 seruatum
476 2250 568 2308 uoluit
589 2250 815 2328 praeposuitque
837 2268 887 2308 sex
909 2249 973 2308 illos
994 2267 1096 2308 uersus
1117 2249 1218 2327 (Trist.
1233 2251 1251 2309 i.
1270 2265 1294 2324 7.

148 2335 259 2408 35-40)
280 2331 358 2390 Orba
375 2339 490 2408 parente
503 2351 552 2388 ινα
565 2333 726 2407 quecumque
744 2332 887 2389 uolumina
901 2333 1003 2408 tanges,
1018 2330 1078 2389 His
1094 2333 1188 2389 saltem
1204 2339 1297 2390 uestra

146 2417 226 2473 detur
240 2416 270 2471 in
289 2413 356 2471 urbe
376 2415 460 2471 lacus.
505 2412 615 2488 Quaque
632 2415 723 2490 magis
732 2415 851 2489 faueas,
866 2413 1004 2470 nonnae
1022 2419 1090 2470 sunt
1104 2415 1177 2472 edcta
1190 2414 1225 2472 ab
1239 2416 1297 2484 illo,

147 2495 205 2555 Sea'
215 2497 341 2571 quotide
355 2496 462 2553 domeni
468 2496 576 2573 sunere
590 2500 673 2571 rapta
687 2496 740 2553 sui.
785 2493 930 2570 Quidquid
941 2496 971 2552 in
984 2495 1029 2553 ln's
1046 2497 1136 2568 igetur
1149 2496 1218 2554 uz'tii
1227 2497 1296 2553 rude

145 2596 256 2636 carmen
273 2575 388 2648 habebit,
403 2575 621 2647 Emendaturus,
637 2579 667 2634 si
677 2577 804 2646 licuisset,
819 2594 905 2634 eram.
949 2575 1006 2635 His
1023 2578 1183 2636 intexuerat
1202 2595 1295 2654 prope

146 2676 250 2718 omnes
265 2657 376 2716 fabulas
390 2675 466 2733 quae
482 2658 513 2715 in
524 2657 607 2716 Ibide
621 2659 810 2733 reperiuntur,
825 2657 904 2716 unde
919 2676 981 2716 non
995 2676 1061 2716 raro
1075 2658 1185 2717 eisdem
1198 2659 1295 2717 uerbis

145 2740 267 2799 eaedem
282 2740 312 2796 in
326 2739 468 2797 ambabus
482 2750 639 2797 recurrunt.
669 2739 733 2798 Has
747 2741 777 2796 in
787 2739 854 2796 Ibin
869 2739 1043 2798 transferens
1058 2758 1146 2817 quam
1161 2757 1294 2799 normam

145 2821 316 2891 adhibuerit,
329 2820 399 2896 quid
413 2819 568 2895 respiciens
583 2821 674 2880 modo
689 2821 746 2879 hoc
761 2820 964 2896 adsumpserit,
975 2820 1066 2879 modo
1080 2821 1148 2879 illud
1159 2822 1293 2892 reiecerit,

144 2901 267 2962 difficilis
291 2912 335 2960 est
358 2903 499 2977 quaestio.
543 2901 602 2960 Sed
624 2903 654 2960 in
677 2904 845 2961 uniuersum
870 2921 918 2960 eas
942 2902 1054 2960 uidetur
1077 2904 1198 2978 elegisse
1220 2920 1295 2979 quae

144 2983 337 3042 miserrimum
357 3001 451 3059 genus
474 2983 535 3042 siue
556 2983 657 3042 mortis
680 2985 740 3042 siue
762 2985 899 3040 tormenti
920 2982 1068 3053 haberent,
1090 2984 1169 3042 unde
1188 2984 1294 3041 multas

145 3067 251 3141 quibus
264 3061 320 3123 hoc
334 3083 396 3122 non
415 3065 490 3122 inest
508 3065 704 3140 praetermisit.
747 3064 927 3122 Huiusmodi
945 3064 1093 3140 suppliciis
1107 3066 1294 3123 abundabant

145 3146 325 3205 Graecorum
345 3146 519 3221 tragoediae.
561 3145 625 3204 Ael.
642 3145 678 3203 V.
694 3145 734 3204 H.
749 3147 787 3206 iil.
804 3164 840 3219 29
864 3147 984 3218 Διογένης
1003 3151 1017 3200 ὁ
1037 3149 1162 3203 Σινωπεὺς
1181 3153 1296 3218 συνεχῶς

145 3232 266 3302 ε’πελεγεν
279 3230 343 3300 ὑπὲρ
357 3231 457 3296 ἑαυτοῦ,
468 3228 507 3283 ὅτι
520 3229 565 3284 τὰς
576 3230 602 3283 ε’κ
613 3231 657 3296 τῆς
667 3226 809 3302 τρογωδίας
819 3229 882 3299 ἀρὰς
895 3230 970 3284 αὐτὸς
980 3230 1104 3298 ἐκπληροῖ
1116 3230 1156 3282 καὶ
1166 3229 1295 3300 ὑπομένει·

146 3307 208 3365 εἶναι
230 3311 281 3383 γὰρ
306 3311 411 3378 Πλάνης
432 3309 517 3366 ἄοικος
537 3311 659 3382 πατρίδος
681 3311 848 3382 ἐστερημένος
871 3311 979 3381 Πτωχὸς
1004 3311 1131 3375 buccinae
1152 3311 1211 3374 βίον
1229 3311 1297 3381 ἔχων

146 3391 282 3464 ἐφήμερον.
325 3389 458 3461 Quarum
480 3390 533 3448 etsi
553 3392 682 3448 mamma
704 3408 772 3465 pars
794 3390 885 3467 periit,
907 3399 1078 3465 argumenta
1098 3399 1198 3448 extant
1217 3390 1296 3467 apud

150 3468 311 3548 Hyginum,
329 3471 411 3529 cuius
432 3470 545 3529 fabulae
566 3471 714 3547 permultis
734 3471 806 3531 locis
820 3472 895 3530 Ibidi
916 3471 1012 3530 lucem
1033 3471 1195 3531 offundunt.
1238 3471 1296 3530 Le·

149 3562 288 3629 geratque
300 3551 439 3629 Hyginus
450 3552 626 3611 Ouidianam
637 3553 712 3627 Ibin,
728 3565 759 3613 ut
773 3573 810 3613 ex
824 3553 895 3612 Fab.
909 3572 964 3628 123
980 3553 1095 3629 collegit
1107 3553 1296 3614 Schmidtius:

183 3752 198 3786 *
214 3751 284 3799 Certe
296 3765 354 3812 quae
366 3765 401 3797 res
413 3751 462 3797 Ibiu
474 3751 555 3798 eadem
567 3751 766 3812 Metamorphoses
778 3753 890 3808 obscurat,
902 3753 1001 3799 crebrior
1012 3767 1064 3799 usus
1076 3754 1296 3815 patronymicorum.

151 3817 193 3864 Sed
212 3826 236 3864 et
255 3818 428 3878 papponymicis
447 3826 516 3878 atque
536 3819 605 3865 etiam
625 3819 827 3879 mammonymicis
845 3819 946 3864 taedium
965 3820 1063 3866 uitauit:
1088 3819 1117 3865 de
1136 3834 1181 3879 qua
1200 3834 1224 3866 re
1244 3820 1298 3865 uide
1365 3861 1373 3867 .

153 3881 258 3929 Meinelr.
277 3884 344 3928 Anal.
361 3883 429 3929 Alex.
446 3897 484 3942 pp.
504 3892 542 3943 70,
564 3891 591 3944 71
614 3884 733 3930 ‘Omnino
750 3885 804 3930 satis
823 3884 929 3944 frequens
948 3893 982 3930 est
998 3884 1220 3944 papponymicorum
1237 3899 1296 3932 usus.

152 3948 187 3993 lta
199 3949 293 3994 Perseus
307 3947 366 4006 apud
379 3947 489 3994 Ouidium
501 3949 600 3998 Metam.
613 3950 643 3996 iv.
657 3957 701 4010 771
716 3963 729 3994 a
741 3964 828 4009 proauo
837 3959 932 3997 uocatur
944 3951 1092 4011 Agenorides.
1125 3951 1161 3996 De
1173 3949 1298 3995 Protesilao

151 4013 274 4074 Phylacide
297 4014 358 4059 idem
382 4013 501 4060 adnotauit
523 4015 706 4061 Hemsterhusius
734 4016 763 4060 ad
786 4014 879 4061 Lucian.
902 4028 924 4073 p.
949 4011 1006 4075 426.
1048 4016 1153 4073 Atque'
1147 4029 1221 4074 ipsum
1243 4015 1298 4060 illud

152 4075 263 4140 Αἰακίδης
280 4078 309 4123 de
320 4079 391 4124 Aiace
407 4087 539 4139 usurpatum
556 4081 633 4126 attulit
651 4080 814 4143 grammaticus
825 4079 927 4126 Crameri
940 4079 1044 4134 Anecd.¹
1038 4094 1067 4126 tv.
1080 4094 1103 4138 p.
1117 4077 1172 4138 326,
1187 4092 1225 4140 25.
1259 4079 1298 4126 Cf.

152 4143 231 4190 Suidas
248 4157 301 4192 κν.
318 4140 450 4203 Ἀλκείδης.
484 4146 536 4190 Nec
555 4145 636 4191 desunt
656 4145 905 4205 mammonymicorum
925 4145 1037 4204 exempla,
1056 4159 1085 4189 ex
1102 4159 1148 4204 quo
1166 4159 1247 4207 genere
1263 4154 1298 4191 est

154 4208 271 4270 Λητοΐδης
282 4210 311 4257 de
321 4210 456 4270 Aesculapio
468 4210 555 4256 dictum
567 4211 596 4256 ab
608 4211 709 4256 Hesiodo
721 4210 812 4271 Fragm.
824 4210 860 4256 ed.
874 4208 1037 4256 Marckschetl.
1049 4210 1088 4258 Cl.
1101 4224 1123 4269 p.
1137 4217 1183 4270 317

705 4271 823 4335 πατὴρδ’
838 4272 931 4333 ἀνδρων
948 4289 975 4319 τε
992 4273 1053 4321 θεῶν
1070 4289 1097 4320 τε

377 4337 472 4388 Χώσοτ’
489 4337 529 4386 ἀπ’
547 4337 678 4398 Οὐλύμπου
694 4337 720 4387 δὲ
736 4336 822 4392 βαλὼν
838 4335 953 4422 ψολόεντι
970 4336 1076 4403 κεραυνῷ

373 4401 479 4452 'Errare
490 4403 625 4467 Λητοΐδην,
641 4403 715 4466 φίλον
732 4402 778 4452 συν
794 4402 870 4464 θυμὸν
887 4402 979 4467 ὀρίνων

183 4471 208 4517 ln
222 4471 303 4531 quibus
315 4480 405 4531 praeter
415 4468 489 4551 φίλον
501 4472 532 4518 nil
543 4471 690 4531 corruptum!
