3038 4988
503 391 852 454 COMMENTARIVS.
1196 395 1253 454 157
1348 471 1349 475 Ἰ
1430 470 1432 474 Α

99 551 190 603 mirae
213 565 280 603 nani
305 565 419 603 inuuere
442 551 527 603 sortis
550 549 657 604 Dula'a
676 549 760 603 mella
782 565 879 617 necem,
905 549 996 602 uitam
1019 548 1097 602 dedit
1119 546 1254 602 borri'dus

50 628 58 638 ⁴
99 622 206 692 anguis
229 620 337 690 (Const.
361 619 519 688 Fanensis).
558 622 643 674 Extat
660 620 781 689 epistula
799 637 872 689 quae
891 621 977 673 sertur
996 617 1192 673 Eratosthenis
1215 618 1253 671 ad

100 692 295 745 Ptolemaeum
308 691 343 745 de
361 692 489 760 sepulcro
502 690 579 772 quod
593 691 701 744 Glauco
716 690 811 743 Minos
825 689 967 758 exstruxit,
980 700 1048 744 nota
1060 699 1175 770 propter
1187 687 1252 742 cubi

99 761 328 842 duplicationem,
348 779 391 831 ap
413 761 564 815 Eutocium
582 761 619 815 ad
635 761 797 814 Archimed.
811 762 847 815 de
862 731 979 829 Sphaei.
996 771 1024 815 et
1045 759 1135 828 Cyl'
1117 777 1144 813 ιι.
1158 777 1184 829 p.
1202 774 1252 826 144

99 832 143 887 ed.
164 831 276 886 Torelli.
314 834 387 886 Eam
409 831 566 886 exhibuit
559 849 588 885 m
614 830 812 886 Eratosthenis
836 831 970 912 relliquiis
996 830 1121 884 Hillerus
1143 847 1168 900 p.
1194 842 1251 898 125.

99 904 174 957 Rem
185 902 274 956 fusius
286 913 401 956 narrant
414 902 627 972 Apollod.11i.3.
641 903 748 971 1,Hyg
764 902 820 969 136.
845 904 1056 956 Coniunxerunt
1068 901 1152 955 trium
1165 902 1252 954 Glau-

99 990 197 1026 corum
221 973 331 1027 fabulas
355 973 442 1028 etiam
463 972 627 1042 Apostolius
646 992 671 1026 v.
691 986 733 1039 47,
752 974 795 1039 48,
814 987 857 1041 49,
883 972 1012 1026 Eudocia
1026 972 1099 1026 Viol
1119 986 1188 1037 242—
1189 985 1250 1038 244.

98 1047 170 1099 558.
188 1046 373 1098 Praefocent
385 1044 554 1097 uocabulum
567 1042 762 1097 medicorum‘
771 1044 878 1097 chokes
940 1047 1041 1124 nortia.
1081 1041 1184 1096 Melius
1197 1043 1251 1094 sor

98 1123 176 1169 tasse
206 1114 366 1184 scripserim
395 1116 508 1181 Gnosia.
558 1115 672 1168 Gnosos
697 1113 772 1168 enim
799 1113 905 1167 Minois
929 1113 1007 1195 regia
1032 1113 1086 1167 Od.
1111 1112 1164 1166 xix.
1194 1113 1251 1179 178.

98 1188 169 1239 559
189 1189 390 1248 Sollicitoque
409 1202 462 1239 ore
481 1184 519 1237 ob
537 1194 644 1238 metum
663 1183 770 1238 mortis.
841 1188 941 1250 Anyti
959 1184 1006 1255 qui
1024 1201 1088 1238 cum
1103 1184 1209 1238 Meleto
1223 1192 1251 1237 et

100 1257 232 1328 Lycone
233 1257 380 1310 Socratem
399 1265 567 1310 accusarunt
588 1256 656 1309 Plat.
677 1255 759 1344 Apol.
779 1273 797 1307 x
819 1252 865 1306 Ἐκ
886 1254 984 1308 τούτων
1002 1256 1042 1308 καὶ
1064 1253 1183 1346 Μελητός
1206 1275 1251 1321 μαι

98 1326 204 1379 ἐπέθετο
217 1326 257 1378 irai
263 1324 374 1381 ’Ἄνυτος
387 1327 428 1379 καὶ
440 1325 537 1392 Λύκων,
548 1326 709 1392 Μέλητος
678 1347 725 1393 μεν
733 1325 797 1413 ὑπὲρ
806 1330 857 1379 τῶν
868 1331 978 1392 ποιητῶν
987 1321 1153 1417 όχθόμενος,”
1154 1333 1251 1379 Ανυτος

100 1396 152 1450 δὲ’
141 1396 204 1466 υπὲρ
216 1400 268 1450 τῶν
279 1396 488 1478 δημιουργῶν
450 1417 490 1449 και
502 1402 552 1451 τῶν
563 1399 710 1462 πολιτικῶν,
724 1394 812 1448 Λύκων
825 1396 876 1450 δὲ’
864 1398 928 1464 νπὲρ
940 1401 990 1448 τῶν
1001 1394 1125 1466 ῥητόρων.
1178 1399 1250 1450 doe-

98 1470 250 1522 tissimus.
288 1470 364 1521 Nam
389 1484 418 1521 in
443 1485 477 1522 eo
502 1466 652 1536 praecipue
677 1466 838 1520 uertebatur
859 1466 1002 1521 accusatio
1025 1465 1149 1520 Socratis
1174 1466 1251 1535 quod

98 1539 186 1607 σοφὸς
198 1547 273 1593 esset
291 1548 318 1592 et
336 1539 436 1607 σοφίαν
448 1538 583 1619 indagare
597 1555 628 1591 se
640 1537 825 1606 profiteretur.
862 1538 1115 1619 Responderatque
1130 1538 1250 1591 Chaere-

97 1608 197 1679 phonti
224 1608 333 1698 Pythia,
362 1608 517 1663 sciscitanti
548 1607 681 1678 numquis
712 1609 828 1662 Socrate
857 1618 932 1662 esset
964 1607 1125 1688 sapientior,
1155 1608 1250 1689 μηδένα

99 1675 295 1749 σοφώτεραν’
270 1701 332 1732 ειναι
346 1679 438 1749 (Apol.
452 1679 488 1746 v).
526 1679 622 1776 Anyti
638 1696 717 1732 reum
736 1679 882 1733 Socratem
899 1679 1007 1733 dixerat
1025 1677 1161 1732 Horatius
1180 1678 1228 1733 S.
1222 1677 1250 1732 ri.

97 1764 161 1818 43
241 1753 310 1804 560.
330 1754 556 1815 Inperturbato
576 1748 745 1817 ‘u,nruffled'
758 1749 943 1818 ‘composed'
961 1749 1071 1804 uidetur
1091 1748 1250 1803 Stoicorum

98 1836 169 1876 esse.
208 1822 274 1876 Sen.
288 1823 340 1891 Ep.
356 1823 397 1889 85.
412 1836 427 1873 2
449 1821 509 1891 Qui
523 1826 653 1875 constans
670 1825 718 1887 est,
737 1821 950 1889 inperturbatus
967 1826 1013 1874 est.
1039 1837 1088 1889 qui
1107 1822 1249 1889 inpertur-

97 1891 180 1945 batus
190 1897 239 1960 est,
251 1909 311 1945 sine
323 1893 446 1947 tristitia
457 1897 503 1945 est.
570 1894 655 1955 quod
665 1894 749 1945 bibit
761 1890 869 1945 cicutae
881 1901 989 1960 potum.
1016 1891 1120 1944 Phaed.
1132 1890 1187 1944 lxvi
1201 1891 1250 1943 Καὶ

97 1962 149 2029 ἅμα
161 1962 280 2030 ωρεξε
253 1984 299 2030 την
308 1961 418 2016 κυλικα
411 1984 446 2034 τῳ
434 1962 595 2031 Σωκράτει.
617 1963 657 2015 καὶ
671 1959 800 2025 δςλαβών
813 1963 853 2014 καὶ
872 1963 942 2030 μάλα
960 1959 1095 2052 ἵλεμς,ώ’
1095 1961 1249 2054 Εχέκρατες,

98 2031 173 2085 οὐδὲν
184 2032 279 2103 τρέσας
291 2033 349 2087 otti
362 2015 556 2121 διαφθείρας”
525 2053 584 2085 ουτε
594 2053 641 2085 του
653 2033 789 2102 χρώματος
801 2029 860 2086 obre
868 2036 915 2085 τοῦ
924 2033 1075 2101 προσώπου,
1088 2029 1176 2085 άλλ’”
1160 2053 1249 2102 ωσπερ

97 2102 180 2156 εἰώθει
191 2103 318 2172 ταυρηδὸν
329 2102 486 2172 ὑποβλέφας
501 2103 566 2171 πρὸς
583 2103 628 2155 τὸν
644 2102 798 2194 άνθρωπρν,
800 2103 831 2156 Τί
848 2103 941 2173 λέγεις,
953 2103 1014 2172 ἔφη,
1032 2104 1092 2166 περὶ
1109 2102 1186 2156 τοῦδε
1203 2107 1249 2156 τοῦ

97 2175 212 2241 πόματος
229 2175 294 2256 πρδς
311 2173 374 2226 τὸ’
359 2174 519 2228 αποσπεῖσαί
537 2190 600 2226 τινι·
593 2172 756 2242 ,ἔξεστιν,
744 2195 758 2239 η
772 2173 817 2240 ού;
889 2177 954 2228 561.
975 2176 1099 2238 siquid
1119 2190 1206 2228 amas
1225 2173 1248 2228 si

98 2243 167 2313 quid
192 2244 279 2299 amati
304 2245 401 2299 habes.
455 2214 617 2299 Haemode
642 2261 727 2314 quam
755 2243 907 2312 Haemoni,
938 2243 1141 2326 compendiarii
1173 2262 1249 2298 com-

98 2315 218 2384 paratiui
236 2315 341 2370 rariore
359 2333 431 2383 usu;
458 2315 599 2369 simillime
621 2325 717 2369 tamen
741 2315 866 2385 Scriptor
889 2315 978 2369 Nucis
999 2328 1038 2383 17,
1059 2316 1090 2369 18
1111 2315 1156 2368 At
1171 2320 1249 2385 post-

97 2402 183 2455 quam
203 2386 334 2456 platanis
356 2356 479 2440 sterilem
504 2386 702 2467 praebentibus
725 2386 854 2439 umbram
883 2387 998 2440 Vberi'or
1020 2389 1124 2467 quaui's
1153 2387 1251 2440 arbore

97 2459 178 2510 uenit
200 2457 297 2525 bonor,
317 2458 378 2511 h..e
400 2474 486 2527 quam
506 2456 553 2510 ulli
576 2455 678 2511 arbori.
716 2457 849 2539 Haemon
872 2456 944 2511 filius
967 2456 1105 2524 Creontis,
1128 2474 1250 2526 sponsus

97 2527 266 2607 Antigonae,
280 2545 344 2582 cum
361 2545 425 2582 eam
440 2529 531 2581 Creon
551 2528 763 2581 damnassett
733 2536 763 2581 ut
782 2526 811 2580 in
830 2529 959 2597 sepulcro
978 2528 1044 2582 uiua
1065 2528 1249 2596 clauderetur,

98 2595 174 2652 iuxta
204 2615 268 2652 eam
299 2598 394 2667 gladio
425 2616 456 2653 se
481 2597 627 2666 interfecit,
655 2596 696 2652 uti
727 2608 822 2652 narrat
855 2600 1010 2688 Sophocles
1040 2598 1250 2668 Antig.1220-

101 2681 166 2737 1225
180 2669 209 2722 ε’ν
224 2669 253 2722 δὲ
268 2670 378 2740 λοισθίῳ
397 2667 557 2738 τυμβεύματι
573 2669 623 2735 Την
639 2669 685 2736 μὲν
701 2690 848 2758 κρεμαστην
862 2670 968 2739 αὐχένος
986 2670 1141 2738 κατείδομεν,
1158 2673 1250 2758 Βρόχῳ

97 2740 201 2806 μιτώδει
230 2740 349 2795 σινδόνος
364 2722 544 2808 καθημμένην,
574 2741 624 2792 Τὸν
654 2738 676 2792 δ’
704 2739 773 2830 ἀμφὶ
800 2738 887 2808 μέσση
915 2762 1037 2809 περιπετη
1064 2741 1250 2828 προσκείμενον

98 2809 180 2878 Εὑνης
203 2809 432 2878 ἀποιμώζοντα
403 2833 448 2900 της
473 2811 539 2864 κάτω
561 2809 665 2880 φθορὰν
686 2812 736 2863 Καὶ
759 2812 893 2880 πατρὸς*
880 2832 943 2881 εργο
968 2812 1016 2864 καὶ
1039 2812 1072 2864 τὸ
1098 2810 1250 2878 δύστηνον

90 2879 197 2972 λέχος.
239 2895 394 2949 1234-1239
415 2876 461 2934 ‘ib'
479 2883 494 2932 ό
516 2879 646 2970 δύσμορος
667 2881 741 2952 Abra
750 2881 933 2975 ‚,x03020‘35‚‘'
917 2903 1006 2951 ωσπερ
1026 2877 1083 2950 εἶχ’,
1104 2880 1251 2935 ἐπενταθεὶς

90 2947 203 3038 Ηρεισε
221 2955 345 3044 πλευραῖς
361 2951 464 3020 μέσσον
473 2952 566 3041 ἔγχος,
579 2951 606 3006 3s
624 2950 671 3004 δΗ
659 2953 738 3039 νγρδν
750 2949 883 3042 Ἀγκῶν’
868 2974 896 3006 ετ
896 2950 1023 3020 ἔμφρων
1034 2951 1152 3022 παρθένῳ
1164 2973 1250 3020 προσ-

96 3020 250 3076 πτύσσεται.
274 3024 323 3076 Koi
342 3026 446 3091 φυσιῶν
468 3022 554 3090 ὀξεῖαν
572 3021 728 3084 ε’κβάλλει“
713 3044 776 3090 ροην
799 3021 882 3088 Λενκη
899 3043 992 3090 παρειᾳ
981 3023 1112 3091 φοινίου
1130 3023 1250 3092 σταλάγ-

97 3114 188 3160 ματος.
225 3092 329 3162 Prop‘
322 3092 348 3147 ri.
364 3095 387 3147 8.
402 3108 433 3146 21
437 3107 498 3158 2-4.
533 3092 624 3147 Aliter
642 3091 819 3162 Euripides
812 3109 840 3144 111
859 3092 1011 3173 Antigona,
1030 3109 1115 3162 quem
1136 3102 1250 3146 secutus

96 3161 209 3217 uidetur
231 3163 362 3232 Hyginus
382 3177 425 3245 7²:
471 3163 647 3244 Scholiastae
669 3164 704 3217 de
727 3165 840 3217 Haemo
865 3162 1090 3232 interpretantur,
1113 3162 1160 3231 qui
1185 3180 1250 3216 cum

98 3249 193 3288 sorore
212 3235 361 3304 Rhodope,
379 3234 445 3304 quia
464 3251 494 3288 se
513 3234 635 3288 inuicem
650 3243 780 3288 amantes
798 3235 896 3314 Iouem
918 3250 952 3287 ac
973 3235 1110 3286 Iunonem
1123 3234 1250 3302 appella-

97 3303 201 3372 bant,'
195 3322 223 3358 rn
245 3315 356 3358 montes
379 3303 507 3358 conuersi
530 3314 602 3373 sunt,
624 3306 695 3358 Plut.
717 3304 753 3359 de
776 3305 836 3357 Flu
856 3303 892 3371 xi,
913 3306 982 3358 Met.
1002 3304 1036 3358 vi
1057 3305 1109 3385 87-
1110 3305 1151 3371 89.
1191 3303 1249 3357 Sed

99 3375 279 3428 Haemonem
293 3375 348 3428 dici
363 3377 507 3429 Haemum
525 3345 650 3444 potuisse
669 3392 726 3428 non
746 3375 839 3443 cred0,
856 3374 909 3428 etsi
928 3374 1028 3429 melius
1047 3374 1087 3428 sic
1100 3375 1138 3428 ad
1152 3377 1249 3428 Maca-

97 3462 177 3498 reum
189 3445 330 3501 transitur.
400 3449 490 3500 eedat
501 3456 635 3500 euentum
647 3446 751 3500 habeat
765 3416 894 3499 Ponbiv,
909 3461 934 3500 2
946 3447 981 3511 48
999 3447 1113 3499 Vtiliter
1122 3445 1249 3499 studium

98 3517 183 3597 quod·
183 3517 238 3569 ti'bi
247 3518 319 3570 cedit
330 3533 404 3569 aina.
523 3519 593 3570 562.
610 3533 670 3588 sua
681 3517 775 3586 puella
788 3533 873 3586 quam
887 3517 1010 3584 amabat,
1023 3515 1167 3570 amoribus
1181 3516 1247 3570 suis

98 3585 183 3640 Tib.
175 3603 193 3640 r.
206 3601 230 3652 4
246 3599 278 3655 75
295 3588 402 3641 Pareat
413 3585 463 3641 ille
473 3604 548 3654 suae,
562 3605 612 3640 uos
624 3605 667 3640 nie
682 3587 812 3641 celebrate
824 3589 1001 3678 magistrum.
1022 3587 1079 3657 ii.5
1066 3600 1154 3657 5103
1164 3588 1250 3675 serus

97 3657 147 3711 ille
158 3674 226 3710 suae
233 3659 366 3727 plorabit
406 3662 579 3713 Macareus.
612 3659 682 3712 Plut.
698 3659 798 3712 Parall.
811 3657 895 3711 xxviii
909 3655 1045 3713 Αιαλος
1014 3681 1064 3712 των
1076 3679 1139 3711 κατα
1150 3656 1249 3749 Τυρρη

97 3727 153 3780 νίαν
164 3728 318 3791 βασιλεὺς
303 3750 382 3798 εσχεν
395 3729 424 3796 ἐξ
433 3728 576 3817 Ἀμφιθέας
588 3729 729 3798 θυγατέρος
742 3727 770 3795 ἓξ
783 3730 823 3782 καὶ
835 3727 909 3783 ’ίσους
922 3727 1037 3823 όῤῥενας·
1057 3728 1191 3821 Μακαρεύς
1204 3727 1249 3782 δ’ὁ
1292 3767 1294 3771 ι

97 3800 222 3853 νεώτατος
239 3800 314 3864 ἔρωτι
332 3799 477 3869 ἔφθειρε’
449 3821 516 3868 μιαν,
530 3821 544 3865 η
534 3797 586 3852 δὲ
597 3799 724 3853 παιδίον’
710 3821 827 3890 εκμησεν.
857 3797 971 3869 *Εμπαις
983 3798 1050 3853 obeo
1063 3801 1091 3853 δὲ
1103 3822 1144 3853 και
1135 3800 1250 3869 ξίφους

97 3868 261 3955 πεμφθέντος
274 3871 324 3924 ὑπὸ
342 3892 388 3923 του
376 3871 500 3940 πατρὸς
512 3873 591 3956 νόμην
604 3870 721 3938 κρίνασα,
733 3870 823 3937 ἑαυτὴν
836 3870 1034 3940 dirxppoaro‘
1021 3871 1114 3939 ομοίως
1128 3870 1156 3922 δὲ
1175 3871 1249 3923 καὶο

98 3938 273 4008 Μακαρέυς·“
261 3963 294 3995 ως
307 3943 458 4011 Σωστρατος
470 3940 498 3993 έν
507 3938 612 4009 δευτέρα
621 3939 790 4010 Τυμρηνικων
838 3946 901 3996 tua.
923 3940 1023 4011 Prop.
1016 3959 1034 3994 1.
1045 3940 1253 4009 922Etn2n1l

97 4011 190 4064 iratae
197 4015 279 4080 posse
290 4028 392 4092 negare
403 4017 475 4065 tuae.
562 4013 632 4064 563.
650 4014 760 4066 uideas
778 4011 911 4065 infestum
923 4012 1084 4066 adstantem
1097 4010 1250 4064 exercitum

98 4080 231 4150 hostium,
245 4081 462 4152 necquicquam
474 4080 559 4136 auxili
573 4084 638 4136 Eur.
654 4082 758 4136 Troad.
771 4094 786 4147 7
791 4094 857 4149 52
842 4082 902 4151 756
947 4086 1011 4136 iam
1028 4099 1093 4135 cum
1105 4086 1249 4135 tenerent

98 4152 272 4206 struendum.
343 4153 513 4207 flammae
506 4170 613 4207 incensi
606 4151 672 4205 Ilii
688 4162 839 4221 postquam
857 4154 948 4205 omnis
965 4152 1051 4205 burno
1059 4152 1162 4220 sumat
1173 4152 1249 4242 Νερ-

98 4224 183 4276 tunia
200 4225 287 4277 Troia
298 4223 390 4277 Aen
384 4223 421 4278 rii.
436 4239 460 4291 3.
540 4226 610 4279 564.
628 4227 811 4278 Hectoreus.
844 4223 947 4276 Troad.
965 4237 1032 4290 1134
1051 4222 1143 4290 ebbae
1161 4225 1251 4290 νεκρὸν

98 4290 164 4346 τόνδ’
179 4292 207 4348 δς
218 4295 307 4346 πεσὼν
318 4293 346 4345 ε’κ
358 4293 462 4362 τειχέων
473 4292 567 4379 Ψυχὴν
575 4293 692 4379 άφηκεν
692 4301 807 4385 Εκτρμος
817 4296 862 4346 τοῦ
875 4314 925 4347 σου
913 4295 1020 4362 γόνος.
1086 4295 1191 4358 patria
1207 4296 1249 4347 ab

99 4380 176 4420 arce.
215 4364 318 4418 Troad.
333 4377 385 4432 779
396 4366 469 4427 βαῖνε
481 4361 604 4434 πατρώων
616 4361 751 4434 Πύργων’
737 4361 778 4418 επ’
790 4364 868 4444 όκρας
880 4364 1021 4433 στεφάνας,
1033 4362 1074 4417 ὅθι
1087 4384 1132 4416 σοι
1144 4367 1250 4430 Πνεῦμα

98 4434 210 4501 μεθειναι
222 4435 316 4503 bipes
327 4435 446 4502 εκρανθη
482 4451 561 4499 puer
573 4436 727 4503 Astyanax,
737 4434 773 4488 de
786 4451 842 4516 quo
855 4433 950 4488 iamu.
964 4435 1025 4502 496
1085 4436 1249 4488 56581111-

99 4508 193 4571 guine
207 4509 326 4571 probra
338 4508 408 4562 luas
423 4505 569 4560 infamiam
581 4504 692 4575 generis
705 4504 805 4560 incesti
818 4505 905 4562 caede
918 4513 967 4560 tua
978 4504 1083 4576 expies,
1096 4514 1126 4560 ut
1139 4504 1248 4560 Adonis
