3038 4988
556 368 780 429 EXCVRSVS.
1187 370 1244 425 183

91 524 120 580 S.
137 524 177 579 iii.
195 540 220 594 3.
237 526 281 593 61,
298 541 313 579 2
332 526 490 596 Hermique
508 525 623 593 uadum,
642 541 698 594 quo
715 524 823 593 Lydius
841 524 935 576 intrat
951 521 1080 576 Bacchus
1097 526 1125 576 et
1141 529 1245 577 aurata

89 599 180 667 reficit
190 613 244 650 sua
255 613 362 650 cornua
374 597 442 651 limo
457 595 557 651 Hermi
569 596 674 649 flumen
688 612 753 649 cum
768 592 873 648 Bacchi
886 594 962 647 cultu
976 592 1127 648 coniunxit.

125 668 173 721 Ad
190 671 254 734 517,
267 671 334 722 518.
357 667 477 722 Faciunt
496 667 584 721 uerba
603 665 761 735 cupidine
779 664 893 719 mortis
911 673 942 718 ut
960 664 996 719 de
1013 663 1245 733 interpretatione

91 738 232 807 Leopardi
246 739 397 793 haeream:
417 755 474 791 non
487 738 564 792 enim
577 736 648 790 mori
662 736 778 806 cupiens
792 736 843 790 sed
855 735 949 806 potius
962 746 1039 790 metu
1052 753 1088 790 ne
1101 736 1130 788 in
1143 752 1245 790 manus

91 808 247 863 Ptolemaei
257 809 365 863 ueniret
376 808 508 863 incendio
518 808 638 862 Biothea
647 807 738 876 perire
747 806 909 862 destinauit.
933 806 1014 860 Idem
1025 806 1144 861 suadent
1155 807 1243 861 uerba

90 896 272 934 succensae
289 897 399 948 pyrae,
412 879 498 934 etiam
515 880 635 932 fortasse
652 879 709 932 des
725 887 781 932 tua
796 878 941 933 membra
958 877 1153 932 cremanda:
1176 894 1243 930 nam

91 949 138 1004 illa
154 968 255 1020 pyram
272 950 356 1004 solito
373 967 451 1004 more
464 960 600 1005 structam
614 958 799 1019 paratamque
813 959 842 1003 ut
856 948 976 1003 subditis
989 948 1099 1009 facibus
1112 947 1245 1002 incende·

90 1030 174 1088 retur,
193 1022 264 1075 haec
286 1021 474 1075 uoluntariam
496 1037 629 1090 poenam,
647 1020 693 1074 uel
714 1019 864 1074 transitum
886 1019 922 1073 de
943 1019 1003 1074 uita
1024 1019 1185 1074 mortalium
1207 1019 1244 1073 ad

90 1090 280 1146 immortalem
294 1091 384 1161 qualis
399 1091 572 1146 Callani.fuit
584 1090 717 1146 uidentur
730 1090 898 1160 significare.
937 1092 1012 1144 Sane
1025 1107 1083 1144 non
1095 1107 1160 1145 rara
1171 1090 1243 1144 haec

91 1178 168 1216 mors
190 1162 263 1217 inter
284 1161 416 1232 antiquos
439 1162 498 1217 Cic.
521 1163 556 1216 de
579 1161 677 1215 Diuin.
697 1161 714 1215 i.
734 1177 776 1228 23.
799 1174 832 1228 47
858 1162 912 1215 Ad
930 1168 1047 1215 mortem
1066 1163 1246 1232 praestituens

92 1232 230 1287 Callanus
253 1233 345 1287 Indus
367 1250 430 1287 eum
454 1234 625 1287 inscenderet
648 1235 679 1286 in
703 1248 804 1302 regum
831 1234 974 1286 ardentem
999 1233 1041 1286 ‘0
1060 1233 1244 1302 praeclarum

89 1303 250 1357 deicessum’
259 1305 355 1373 inquit
367 1304 392 1358 ‘e
404 1305 474 1373 uita,
485 1321 547 1358 cum
560 1309 595 1358 ut
604 1305 727 1357 Herculi
737 1305 863 1373 contigit,
873 1304 992 1357 mortali
1002 1307 1245 1373 carporecremato

89 1376 122 1426 iu
135 1375 223 1430 lucem
236 1376 351 1428 animus
362 1377 523 1431 excesserat)
551 1377 635 1429 Tusc.
651 1373 733 1443 Disp.
748 1374 775 1428 ii.
786 1389 828 1427 22.
841 1387 882 1443 52.
914 1376 986 1428 Plut.
1000 1375 1081 1429 Alex.
1094 1373 1159 1428 lxvii
1171 1372 1202 1426 ‘0
1216 1373 1244 1427 δὲ

91 1446 227 1500 Καλλανδς
238 1445 349 1499 ἐνταῦθα
363 1448 461 1515 χρόνον
472 1447 502 1500 οὔ
513 1446 598 1501 πολὺν
609 1446 659 1499 ὑπὸ
676 1446 774 1500 κοιλίας
786 1445 934 1515 ἐνοχληθεὶς
950 1442 1064 1513 ήτῄσατο
1079 1446 1163 1513 πυρὰν
1175 1445 1244 1515 adres)

89 1515 221 1585 γενέσθαι.
258 1517 308 1569 Καὶ
324 1516 456 1583 κομισθεὶς
471 1515 541 1588 ἵππιρ
553 1517 618 1584 πρὸς
629 1515 715 1584 αιἰτήν,
728 1516 898 1585 ἐπευξάμενος
910 1516 951 1569 καὶ
964 1516 1140 1570 κατασπείσας
1152 1517 1244 1569 ἑαυτοῦ

90 1586 131 1639 καὶ
144 1590 194 1639 τῶν
206 1590 302 1655 τριχῶν
313 1586 500 1656 ἀπαρξάμενος,
510 1587 653 1648 ἀναβαίνων
664 1587 795 1654 ἐδεξιοῦτο
807 1587 866 1642 τοὺς
878 1589 1007 1656 παρόντας
1018 1591 1069 1640 τῶν
1081 1586 1244 1653 Μακεδόνων,

90 1656 132 1709 καὶ
147 1658 286 1724 παρεκάλει
304 1657 349 1724 τήν
360 1656 457 1729 ἡμέραν
468 1659 565 1725 ἐκείνην
577 1657 656 1725 ἡδέως
667 1657 788 1729 γενέσθαι
803 1661 844 1711 καὶ
858 1656 1017 1724 μεθυσθῆναι
1028 1658 1093 1724 μετὰ
1106 1661 1151 1710 τοῦ
1162 1658 1243 1718 βασι-

90 1725 164 1792 λέως,
176 1727 254 1781 αὐτὸν
266 1728 294 1780 δέ
308 1727 405 1781 ἐκεῖνον
420 1728 472 1800 ἔφη
489 1727 543 1799 μετ’
556 1728 646 1799 ἀλίγον
658 1731 754 1798 χρόνον
765 1729 792 1781 ἐν
805 1729 940 1792 Βαβυλῶνι
956 1726 1081 1797 ὄψεσθαι.
1118 1730 1203 1780 Ταῦτα
1221 1725 1243 1780 δ’

89 1797 167 1851 είπὼν
179 1798 339 1853 κατακλιθεὶς
351 1801 392 1853 καὶ
404 1801 643 1871 συγκαλυψάμενος
655 1801 700 1853 οὐκ
712 1797 813 1866 ἐκινήθη
826 1803 872 1852 τοῦ
885 1799 964 1868 πυρός
975 1798 1173 1864 πλησιάζοντος,
1182 1796 1244 1852 ἀλλ’

90 1867 117 1920 ἐν
133 1863 155 1940 ᾦ
171 1869 305 1936 κατεκλίθη
323 1868 447 1940 σχήματι,
459 1875 537 1924 τοῦτο
554 1870 679 1940 διατηρῶν
694 1870 880 1939 ἐκαλλιέρησεν
897 1871 987 1923 ἐαυτὸν
1005 1871 1040 1937 τῷ
1058 1868 1157 1938 πατρίῳ
1176 1871 1244 1942 νόμῳ

89 1943 141 1991 τῶν
161 1939 214 1992 ἐκεῖ
235 1942 382 2009 σοφιστῶν.
420 1941 531 1996 Similia
550 1942 652 1996 Strabo
672 1941 794 2010 715-716
816 1940 863 1994 ubi
886 1939 954 1993 dicit
975 1940 1124 1994 Callanum
1142 1939 1245 2010 ἐξάγειν

90 2009 180 2062 ἐαυτὸν
198 2009 240 2063 διὰ
258 2013 346 2081 πυρός,
365 2011 478 2080 νήσαντα
494 2016 585 2083 πυράν,
604 2013 815 2082 ὑπαλειφόμενον
834 2011 862 2064 δέ
881 2013 921 2063 καὶ
940 2010 1106 2064 καθίσαντα
1123 2010 1173 2063 ἐπὶ
1191 2011 1242 2078 τήν

89 2080 187 2148 πυρὰν
210 2080 334 2150 ὑφάψαι
360 2082 479 2138 κελεύειν.
535 2086 569 2137 ln
594 2082 695 2153 quibus
721 2091 750 2136 ut
775 2082 883 2151 ὑφάψαι
908 2082 944 2136 ad
969 2081 1087 2135 uerbum
1113 2080 1247 2153 exprimit¹

90 2166 241 2220 succensae,
263 2151 399 2223 sicquae
421 2172 455 2208 ex
478 2155 666 2224 Megasthene
692 2153 811 2222 sumpsit
835 2153 937 2207 Strabo
958 2163 1104 2221 tamquam
1127 2153 1204 2208 dicta
1226 2171 1244 2208 a

92 2221 210 2275 Callano
223 2224 274 2288 718
293 2223 427 2278 irrotantur
446 2225 473 2278 δέ
492 2224 671 2292 ἀπαλλάξαιτο
689 2227 733 2292 τής
751 2224 943 2294 τετρυχωμένης
964 2224 1014 2276 ἀπὸ
1033 2223 1119 2293 γήρως
1137 2226 1243 2293 σαρκός,

90 2293 220 2360 μεταστὰς
236 2294 273 2348 είς
288 2295 384 2358 βελτίω
402 2297 442 2348 καὶ
457 2296 634 2365 καθαρώτερον
645 2296 705 2359 βίον
716 2295 787 2348 mire
800 2293 971 2349 conueniunt
984 2293 1018 2347 iis
1032 2293 1146 2363 quaein
1161 2295 1243 2350 Ibide

90 2371 155 2417 sunt
174 2363 332 2434 cupidine
351 2366 473 2420 mortis.
513 2365 625 2420 Curtius
643 2366 678 2420 de
696 2366 775 2419 Indis
793 2365 968 2435 sapientibus
983 2364 1038 2419 viii.
1053 2379 1070 2434 9
1088 2366 1180 2432 Viuas,
1194 2365 1243 2434 ait,

89 2435 213 2487 cremari
227 2452 256 2488 se
272 2436 368 2489 iubent
384 2439 486 2507 quibus
501 2443 554 2490 aut
570 2439 664 2508 segnis
681 2443 758 2489 aetas
776 2443 828 2490 aut
845 2438 1020 2491 incommoda
1037 2437 1168 2490 ualitudo
1184 2442 1244 2492 est:

90 2509 261 2574 expectatam
279 2513 395 2561 mertem
408 2512 465 2578 pra
480 2509 607 2562 dedecore
621 2509 698 2561 uitae
714 2507 822 2575 habent,
836 2525 885 2561 nee
900 2508 979 2560 ullus
990 2507 1158 2576 cerporibus,
1171 2525 1244 2577 quae

90 2581 213 2629 senectus
228 2578 322 2646 saluit,
339 2576 426 2632 honos
442 2580 579 2633 redditur.
619 2580 704 2632 Hanc
723 2588 843 2633 mortem
861 2578 960 2632 habuit
977 2577 1097 2646 Augusti
1115 2586 1243 2647 tempore

90 2645 211 2700 Athenis
227 2647 291 2716 ipso
309 2659 458 2719 praesente
476 2652 605 2717 Augusto
619 2648 698 2704 Ἰνδὸς
717 2649 850 2718 σοφιστής
868 2666 952 2718 quem
971 2649 1073 2704 Strabo
1091 2650 1242 2703 Zarmano·

90 2716 199 2785 chegan
220 2717 305 2788 (720),
323 2719 400 2772 Dion
421 2720 479 2788 (liv.
498 2726 526 2788 9)
545 2722 698 2774 Zarmaron
717 2729 809 2788 uocat,
829 2719 908 2773 cuius
928 2721 1056 2788 sepulcro
1076 2719 1242 2788 inscriptum

90 2797 133 2840 est
150 2789 350 2860 Ζαρμανοχήγας
363 2788 444 2845 Ἰνδὸς
460 2789 509 2843 ἀπὸ
527 2793 662 2860 Βαργόσης
679 2792 742 2844 κατὰ
758 2792 790 2845 τὰ
806 2791 901 2858 πάτρια
914 2790 1000 2843 Ἰνδῶν
1013 2790 1059 2856 ἔθη
1075 2791 1165 2846 ἐαυτὸν
1176 2791 1242 2844 ἀπα-

90 2857 229 2913 θανατίσας
242 2862 327 2915 κεῖται.
367 2864 413 2914 De
425 2879 460 2915 eo
474 2861 551 2915 Dion
567 2861 635 2916 dicit
652 2861 814 2916 ἀποθανεῖν
829 2860 978 2928 ἐθελήσας
995 2859 1091 2929 ἐμυήθη
1103 2882 1132 2913 τε
1144 2861 1176 2913 τὰ
1189 2865 1244 2914 τοῐν

90 2928 160 2980 θεοῖν
172 2967 179 2982 .
193 2966 200 2982 .
213 2968 221 2982 .
233 2931 274 2984 καὶ
286 2931 348 2999 πυρὶ
361 2933 451 2985 ἐαυτὸν
463 2934 558 2998 ζῶντα
571 2931 726 2999 ἐξέδωκεν.

126 2998 222 3053 Etiam
239 3017 273 3054 ex
290 3002 404 3056 athletis
423 3012 680 3057 commemorantur
693 3001 740 3072 qui
757 3003 832 3056 hunc
846 3001 950 3056 exitum
968 3001 1144 3070 habuerunt:
1164 3002 1241 3062 uelut

90 3067 256 3148 Timanthes
276 3072 322 3127 ille
342 3075 500 3128 Cleonaeus
520 3092 565 3143 ap.
586 3076 669 3127 Paus.
686 3073 722 3127 vi.
739 3074 754 3126 8
774 3089 837 3126 cum
858 3072 1006 3126 deficiente
1025 3073 1126 3125 robore
1145 3089 1242 3126 arcum

89 3140 235 3220 intendere
256 3159 314 3197 non
337 3143 393 3197 iam
415 3155 521 3213 posset,
542 3146 569 3198 in
589 3145 736 3198 ardentem
755 3160 854 3212 pyram
873 3143 955 3196 uiuus
975 3159 1005 3197 se
1024 3142 1138 3196 iniecit:
1165 3144 1241 3212 quod

88 3209 197 3264 facinus
222 3229 286 3266 cum
312 3214 412 3268 ceteris
438 3215 565 3270 eiusdem
590 3215 667 3268 modi
693 3216 738 3268 uel
762 3223 829 3267 ante
853 3213 937 3267 editis
962 3213 1007 3266 uel
1032 3223 1096 3281 post
1122 3211 1241 3274 edendis

89 3281 224 3350 exemplis
243 3283 371 3340 insaniae
389 3295 509 3355 partem,
528 3303 585 3339 non
605 3285 715 3339 uirtutis
736 3284 892 3338 Pausanias
910 3283 1024 3337 habuit..

126 3352 199 3405 lllud
212 3369 280 3409 sane
293 3356 395 3410 mirum
409 3357 445 3410 de
458 3357 502 3410 his
517 3356 606 3410 Ibidis
619 3355 747 3410 uersibus
761 3356 837 3425 quod
856 3355 913 3409 iam
926 3353 1052 3407 Alciatus
1066 3354 1240 3424 obseruarat‚

88 3437 146 3474 non
176 3423 260 3493 longe
284 3426 386 3481 abesse
410 3445 514 3482 nornen
540 3429 623 3497 quale
654 3427 682 3480 in
713 3426 859 3480 codicibus
889 3424 1030 3479 inuenitur
1054 3426 1188 3479 Broteam
1214 3428 1240 3480 G

87 3491 181 3546 bratea
203 3496 227 3547 T
252 3496 393 3551 bratteam
418 3499 454 3553 de
478 3501 560 3552 Mure
579 3497 720 3568 prataeau
742 3498 800 3551 Pal.
826 3510 893 3566 1709
917 3514 934 3550 a
959 3495 1073 3550 nomine
1098 3496 1146 3550 illo
1172 3496 1241 3559 satis

88 3563 192 3616 celebri
211 3567 354 3636 Peregrini
375 3569 468 3624 Protei
488 3570 523 3623 de
543 3585 598 3639 quo
617 3570 688 3622 haec
710 3568 739 3622 in
766 3569 869 3622 Euseb.
886 3569 988 3622 Chron.
1013 3568 1056 3621 Ol.
1079 3568 1202 3623 ccxxxvi.
1219 3584 1241 3636 1,

92 3633 139 3717 ιό7
153 3647 182 3689 Α.
192 3647 221 3689 D.
242 3647 337 3692 extant
356 3641 438 3710 apud
451 3641 536 3693 Pisas
554 3642 727 3710 Peregrinus
738 3639 870 3709 filosafus
887 3655 955 3710 rogo
973 3640 1051 3708 quaed
1067 3638 1189 3709 (iquem)
1207 3657 1244 3693 er

87 3705 176 3774 lignes
187 3711 371 3778 conposuerat
382 3712 492 3764 incenso
504 3716 588 3763 semet
599 3712 756 3780 superiacit.
794 3712 840 3764 De
853 3710 935 3764 huius
953 3710 1004 3763 uiri
1024 3721 1115 3765 morte
1128 3710 1241 3779 scripsit

89 3776 229 3831 Lucianus
242 3778 368 3834 libellum
386 3781 556 3849 singularem
575 3782 640 3848 Περὶ
659 3782 703 3847 τῆς
720 3783 876 3851 Περεγρίνου
893 3783 1021 3848 τελευτῆς,
1039 3781 1068 3835 in
1082 3799 1138 3852 quo
1151 3781 1240 3850 philo·

88 3847 210 3928 sophum
228 3865 281 3903 nec
301 3851 393 3905 Gellio
414 3851 480 3919 (viii.
495 3867 520 3918 3,
533 3851 579 3905 xii.
596 3851 637 3920 11)
658 3860 851 3920 contemptum
870 3869 923 3906 nec
943 3852 1095 3906 Ammiano
1115 3852 1196 3921 (xxix.
1215 3850 1240 3920 1)

87 3932 165 3970 omni
190 3921 361 3975 contumelia
385 3922 539 3981 insectatus
565 3933 616 3976 est.
655 3923 778 3990 Cynicus
806 3922 866 3989 fuit,
891 3923 967 3976 unde
992 3924 1006 3974 ὁ
1031 3922 1096 3975 κύων
1120 3922 1241 3987 Πρωτεὺς

87 3985 180 4042 dictus
195 3998 238 4043 est
256 3991 426 4046 Philostrato
440 3992 506 4062 (Vit.
522 3993 646 4062 Sophist.
660 3992 686 4046 ii.
704 3993 746 4061 13)
761 3992 839 4046 cuius
857 3994 928 4046 haec
946 4001 1010 4046 sunt
1029 3992 1117 4046 uerba
1124 3987 1178 4043 Ἠν
1193 3991 1241 4059 μὲν

87 4059 138 4127 γὰρ
156 4065 207 4113 τῶν
225 4059 291 4114 οὕτω
310 4061 459 4133 θαρραλέως
476 4061 698 4133 φιλοσοφούντων
716 4067 730 4115 ὁ
749 4062 870 4129 Πρωτεὺς
888 4062 970 4127 οὗτος,
989 4063 1024 4116 ὥς
1041 4063 1068 4116 ἐς
1085 4065 1136 4130 πῦρ
1149 4062 1241 4123 ἑαυτὸν

86 4128 116 4181 ἐν
132 4127 262 4200 Ὀλυμπίᾳ
280 4131 378 4202 ῥίψαις
401 4133 503 4203 quibus
522 4133 597 4187 adde
617 4133 695 4187 Tert.
715 4133 752 4186 ad
773 4135 856 4186 Mart.
871 4146 897 4197 4.
916 4150 942 4202 p.
954 4133 1005 4200 625
1028 4131 1126 4200 Migne
1146 4132 1240 4185 Hera·
1304 4191 1308 4200 Ι

85 4200 178 4269 clitus,
188 4203 242 4271 qui
247 4219 276 4255 se
283 4203 383 4257 bubulo
394 4211 512 4259 stercore
524 4205 640 4275 oblitum
652 4206 767 4271 euussr‘t,
781 4205 847 4257 item
857 4203 1045 4273 Empedocles,
1058 4204 1111 4272 qui
1121 4204 1152 4256 in
1161 4202 1241 4273 igrm

87 4271 211 4324 Aetnaei
222 4276 325 4327 montis
333 4275 472 4329 da'ssiliuit
483 4275 511 4342 (l.
518 4274 676 4343 desiliuit);
693 4280 721 4329 et
732 4276 912 4345 Peregrinus,
923 4274 976 4345 qui
985 4290 1042 4326 nou
1052 4274 1120 4327 olim
1132 4290 1160 4326 se
1172 4289 1241 4344 roga

87 4343 215 4409 immisit,
227 4345 423 4414 cumfeminae
434 4363 543 4415 quaque
554 4347 770 4415 contempserint
781 4348 867 4415 egnes.
904 4344 958 4398 Ad‘
968 4346 1043 4398 hunc
1057 4343 1240 4413 Peregrinum

87 4411 148 4466 siue
168 4415 270 4468 Protea
283 4414 409 4470 Alciatus
427 4418 514 4471 uerba
532 4417 620 4470 lbidis
640 4417 741 4485 retulit,
756 4415 897 4470 distichon
916 4425 993 4470 ratus
1011 4425 1075 4484 post
1096 4415 1238 4484 Peregrini

87 4494 206 4538 mortem
234 4485 350 4540 carmini
376 4487 494 4541 inlatum
519 4505 591 4544 esse.
629 4489 687 4543 Sed
713 4487 880 4556 Peregrinus
905 4486 951 4541 ille
974 4485 1104 4556 quamuis
1126 4496 1241 4556 propter
