3082 4980
412 1074 1026 1170 PROLEGOMENA.

702 1389 733 1463 Ι.

182 1605 308 1666 Ovinius
326 1616 483 1685 postquam
501 1625 581 1666 anno
594 1606 684 1666 Vrbis
700 1608 755 1682 761
773 1606 893 1680 ue1762
910 1604 1035 1685 (uidetur
1054 1607 1133 1666 euim
1151 1606 1201 1666 uix
1221 1608 1291 1667 satis

141 1688 291 1765 explorata
304 1706 349 1748 res
363 1687 440 1767 esse)
454 1689 485 1746 in
499 1688 616 1747 exilium
630 1688 671 1747 ire
685 1689 780 1746 iussus
794 1685 864 1760 erat,
879 1706 981 1747 recens
1000 1687 1101 1748 dolore
1120 1687 1291 1748 calamitatis

141 1788 200 1846 qua
214 1780 328 1845 praeter
341 1779 467 1828 mortem
482 1769 551 1828 nihil
566 1769 757 1829 miserabilius
771 1770 832 1845 pati
846 1770 949 1844 potuit,
964 1787 1082 1828 carmen
1096 1767 1164 1829 Ibin
1179 1770 1209 1828 in
1223 1789 1292 1829 eum

95 1858 98 1864 '
141 1851 256 1927 scripsit
270 1870 411 1928 quemex
429 1852 530 1910 amicis
546 1852 706 1922 inimicum,
721 1869 758 1909 ex
777 1850 842 1909 fidis
861 1850 1008 1909 infidelem
1027 1851 1081 1909 sibi
1102 1861 1292 1928 cognouerat.

142 1931 202 1990 Hic
224 1933 289 2008 quis
310 1933 402 2004 fuerit,
417 1933 558 1991 incertum
580 1942 641 2004 est;
664 1932 826 1992 Coruinum
843 1930 959 1990 Caelius
979 1931 1165 2009 Rhodiginus
1180 1932 1292 2013 (Autiq.

141 2011 222 2072 Lect.
236 2014 294 2072 xiii.
313 2032 325 2071 1
342 2022 491 2090 tamquam
506 2033 543 2073 ex
557 2013 675 2073 Caecilii
690 2013 846 2072 Minutiani
860 2013 975 2089 Apuleii
989 2010 1179 2091 fragmentis),
1196 2014 1229 2074 C.
1246 2015 1294 2073 Iu·

139 2094 213 2153 lium
234 2094 388 2171 Hyginum
411 2095 591 2171 Saluagnius,
606 2096 650 2154 M.
666 2095 819 2153 Manilium
832 2101 952 2170 poetam
966 2095 1198 2155 Astronomicon
1213 2095 1293 2154 Mer·

141 2175 233 2234 kelius
255 2177 294 2235 ad
313 2177 356 2236 lb.
378 2195 428 2252 pp.
445 2180 584 2253 iao-406
606 2177 799 2236 coniecerunt.
843 2175 883 2234 Et
904 2175 1050 2235 Coruinus
1071 2176 1191 2253 quidem
1208 2178 1233 2236 si
1250 2187 1295 2236 est

143 2257 272 2317 Messala
291 2257 436 2317 Coruinus
456 2258 493 2316 de
512 2276 572 2335 quo
587 2257 711 2318 Ouidius
731 2258 803 2317 haec
826 2257 895 2316 dicit
916 2257 1000 2316 Pont.
1016 2257 1039 2315 Ι.
1055 2259 1100 2316 vii.
1119 2271 1219 2334 27-30
1233 2257 1296 2318 Nec

142 2345 207 2397 tuus
225 2346 265 2397 est
278 2341 388 2415 geui'tor
409 2358 457 2397 nos
478 2340 616 2414 infitiatus
636 2340 746 2411 amr'cor,
762 2339 902 2397 Hortator
922 2341 1012 2398 studii
1028 2359 1165 2415 causaque
1173 2342 1295 2419 faxque

38 2435 70 2488 ’,
142 2422 203 2478 mei.
248 2419 308 2480 Cui
318 2440 366 2479 nos
379 2429 405 2479 et
416 2421 557 2493 lacrimas,
572 2432 728 2496 supremum
742 2422 773 2478 iu
775 2419 885 2497 sunere
899 2440 1006 2492 munus,
1020 2419 1065 2479 Er
1076 2422 1197 2479 dedimus
1211 2423 1295 2479 medio

142 2503 248 2577 scripta
266 2503 465 2580 canendasora
479 2500 579 2580 (alium
593 2512 691 2561 autem
710 2503 760 2561 uix
779 2500 917 2580 reperias)
932 2520 994 2560 non
1015 2512 1112 2579 potest
1132 2502 1157 2561 is
1178 2521 1243 2562 esse
1264 2503 1295 2560 in
1332 2498 1333 2504 ’

34 2616 35 2619 =
143 2601 232 2659 quem
253 2582 320 2642 Ibin
340 2591 429 2661 poeta
451 2584 633 2660 composuit:
654 2583 734 2644 hunc
755 2585 834 2642 enirn
856 2594 887 2642 ut
906 2585 1034 2643 amicum
1052 2583 1176 2643 Ouidius
1196 2585 1295 2660 elogio
1341 2614 1343 2621 a

142 2667 393 2724 commemorauit.
444 2665 510 2725 Nec
551 2666 729 2742 argumentis
754 2666 813 2725 suis
841 2665 927 2724 euicit
955 2664 1114 2724 Merkelius
1142 2665 1296 2742 Manilium

142 2762 213 2810 ‘eum
235 2745 338 2819 fuisse;
367 2765 437 2805 nam
459 2745 529 2806 nihil
554 2757 598 2806 est
619 2748 651 2805 in
672 2747 757 2806 Ibide
781 2746 862 2823 quod
884 2753 1003 2822 poetam
1026 2747 1178 2824 significet,
1200 2765 1297 2824 neque

143 2835 248 2904 poetae
275 2830 454 2888 conueniunt
476 2828 525 2887 illa
554 2847 589 2901 14
614 2827 708 2887 Iactat
727 2835 753 2886 et
775 2829 805 2886 in
826 2834 877 2886 toto
897 2830 1008 2886 nemim
1029 2833 1124 2887 nostra
1132 2830 1213 2906 soro,
1238 2847 1294 2903 232

74 2986 76 2990 q
145 2908 254 2967 Latrat
271 2916 297 2967 et
314 2911 345 2967 in
365 2917 416 2968 toto
436 2911 521 2970 rurba
542 2912 644 2968 canina
654 2911 750 2987 foro‚·
773 2927 869 2985 neque
890 2910 1024 2984 ignotum
1044 2917 1164 2986 poetam
1181 2910 1298 2986 publiea

144 2991 247 3048 damna
267 3001 423 3050 uocaturus
444 3003 514 3064 erat,
536 2992 589 3050 sed
610 2993 707 3067 potius
728 3000 832 3049 notum
855 2989 981 3067 aliquem
1002 2991 1113 3067 populo
1135 2991 1196 3050 siue
1219 2991 1297 3049 dela-

145 3080 239 3130 torem
261 3072 322 3130 siue
347 3084 509 3146 oratorem;
535 3090 631 3148 neque
653 3072 689 3132 de
711 3072 823 3147 origine
845 3070 958 3129 Manilii
979 3072 1140 3149 quidquam
1160 3072 1297 3131 traditum

146 3162 205 3211 est:
236 3153 348 3212 Poenus
375 3164 473 3213 autem
498 3153 579 3230 quod
607 3155 637 3211 in
659 3153 859 3213 recentissimo
885 3152 987 3213 codice
1010 3152 1159 3211 Vossiano
1184 3154 1298 3212 nomini

146 3233 278 3293 adhaesit
305 3252 365 3293 non
394 3237 460 3312 plus
484 3235 572 3294 habet
596 3235 773 3294 auctoritatis
797 3252 886 3311 quarn
909 3233 1009 3292 Nauia
1033 3235 1113 3310 quod
1137 3234 1297 3310 Propertio,

147 3314 269 3392 Coquus
293 3317 374 3392 quod
399 3317 525 3376 Martiali
547 3317 736 3376 coniunctum
758 3316 910 3375 inuenitur.
961 3315 1099 3392 Hyginus
1121 3325 1154 3374 ut
1178 3317 1215 3376 sit
1237 3315 1298 3375 Ibis

147 3398 238 3456 multa
258 3407 326 3456 sunt
346 3416 421 3475 quae
442 3400 473 3456 in
492 3397 692 3457 testimonium
714 3406 862 3456 uocentur.
905 3396 952 3456 De
970 3415 1030 3475 quo
1049 3396 1107 3457 hoc
1125 3397 1211 3457 tradit
1227 3397 1298 3457 Sue·

145 3480 244 3537 tonius
253 3478 385 3537 Gramm.
398 3499 435 3538 2ο
446 3479 480 3540 C.
488 3479 584 3537 Iulius
592 3478 863 3556 HyginurAugusti
870 3479 983 3538 libertus
991 3481 1098 3538 natr'om
1106 3479 1299 3556 Hispanus-

147 3561 277 3617 nonnulli
291 3559 523 3620 Alexandri‘uum
538 3567 645 3637 putant
662 3567 689 3618 et
706 3579 724 3617 a
740 3559 860 3620 Caesare
875 3571 994 3636 puerum
1011 3559 1132 3619 Romam
1151 3562 1299 3623 adductum

147 3641 333 3700 Alexandria
355 3644 592 3718 capta-studiose
614 3649 640 3700 et
661 3643 756 3700 audiit
772 3650 799 3700 et
817 3643 943 3700 i'mi'tatus
966 3648 1006 3701 ert
1026 3642 1185 3703 Corneliam
1207 3643 1299 3702 Alex·

148 3723 270 3780 andrum
279 3726 495 3799 grammaticum
514 3723 662 3794 Graecum,
675 3743 750 3798 quem
758 3730 874 3799 propter
887 3725 1062 3798 antiquitatis
1076 3727 1201 3783 notitiam
1212 3723 1299 3801 Poly-

147 3805 276 3862 liirtorem
301 3806 389 3877 multi,
411 3806 524 3881 quidam
545 3806 691 3863 historiam
709 3804 850 3863 uocabant.
886 3807 1015 3883 praefuit
1034 3806 1185 3865 Palatinae
1205 3805 1300 3864 biblio-

148 3884 246 3956 thecae,
269 3905 366 3944 necea
389 3889 476 3945 secius
498 3888 637 3962 plurimos
661 3889 773 3954 docuit,·
790 3888 909 3964 fuitque
921 3888 1173 3963 familiariisimus
1200 3885 1300 3944 Ouidio

142 3974 237 4043 poetae
252 3975 278 4025 et
298 3966 395 4027 Clodio
413 3968 513 4026 Licino
533 3969 677 4026 consulari
692 3969 831 4038 historico,
846 3969 972 4043 quirum
992 3969 1136 4026 admodum
1153 3977 1301 4043 pauperem

149 4049 288 4107 decessisse
304 4050 395 4108 tradit
411 4057 438 4108 et
455 4050 619 4107 liberalitate
638 4069 691 4107 sua
715 4050 807 4124 quoad
825 4051 939 4107 ui'xerit
957 4055 1143 4108 sustentatum.
1193 4048 1231 4105 In
1256 4049 1300 4108 his

149 4140 218 4189 sunt
234 4148 310 4207 quae
329 4131 360 4188 in
375 4131 442 4189 Ibin
462 4131 603 4207 quadrare
621 4130 782 4201 uideantur,
799 4128 843 4208 (1)
859 4130 940 4206 quod
954 4129 1169 4189 Alexandrinus
1184 4129 1300 4189 habitus

149 4222 194 4271 est
208 4231 225 4271 a
239 4212 394 4271 nonnullis.
437 4212 516 4271 Nam
531 4212 592 4271 Ibis
606 4212 638 4269 in
650 4210 789 4287 Cinyphia
803 4213 885 4269 liumo
899 4221 984 4269 natus
999 4221 1042 4270 est
1057 4210 1112 4290 (lb.
1127 4209 1207 4291 222),
1219 4212 1300 4288 quod

149 4311 203 4370 pro
218 4293 316 4352 AfrIca
330 4312 382 4370 per
396 4294 601 4371 synecdochen
618 4293 746 4369 positum
765 4302 847 4368 putat
868 4292 1040 4369 Saluagnius
1061 4293 1139 4351 unde
1150 4295 1300 4369 popularis

149 4375 177 4433 ei
199 4376 293 4433 leaena
315 4375 427 4434 dicatur
448 4373 550 4454 (501);
573 4372 617 4453 (2)
632 4374 713 4451 quod
734 4373 881 4452 Hyginus,
902 4384 933 4433 ut
953 4385 1014 4433 erat
1035 4374 1192 4434 Alexandri
1213 4373 1299 4452 Poly·

149 4455 266 4516 historis
280 4457 415 4530 imitator,
429 4457 564 4516 historias
586 4457 648 4516 siue
669 4455 781 4515 fabulas
802 4457 1015 4535 mythologIcas
1029 4457 1208 4536 conscripsit,
1224 4475 1300 4535 quae

703 4538 754 4596 ba
