3082 4980
556 363 882 427 uuouuooiuuna
1131 342 1132 345 ‘
1222 369 1300 429 xxva

146 521 191 584 Cf.
207 521 288 584 Dion
309 523 342 584 C.
359 538 407 600 55.
426 543 471 586 rr.
513 523 593 583 Hinc
611 524 785 584 contubernia
803 543 871 585 eum
890 525 1052 584 admouerat
1069 525 1212 598 Tiberius
1227 537 1300 587 teste

146 605 224 664 Suet.
244 606 311 664 Tib.
330 625 375 679 14.
418 606 477 666 Sed
498 616 526 665 et
546 605 680 682 Augusto
702 617 800 682 gratus
821 616 891 677 erat,
912 607 991 666 unde
1013 626 1081 666 cum
1101 608 1181 667 Areo
1203 609 1299 685 philo-

145 686 241 763 sopho
262 697 306 746 ter
327 688 512 766 coniungitur
528 707 545 746 a
560 687 724 746 Themistio
747 688 826 749 Orat.
842 707 867 759 ν,
883 689 937 759 viii,
953 690 991 748 xi.
1035 688 1130 747 Huius
1150 693 1241 750 uerba
1262 710 1299 750 ex

146 767 227 828 Orat.
242 769 295 828 vili.
321 788 351 845 p.
371 774 429 828 208
452 769 596 828 Harduin.
618 770 688 828 libet
709 771 879 843 exscribere,
902 773 951 826 Διὰ
971 776 1047 827 τοῦτο
1069 774 1110 827 καὶ
1132 775 1146 826 ὁ
1165 775 1233 829 πάνυ
1254 783 1299 828 Σε-

144 854 245 916 βαστὸς
258 854 338 925 με’γος
351 851 381 922 ἦν
394 853 434 908 ὅτι
447 855 492 908 τὸν
499 851 603 925 Ἀρειον
617 854 658 907 καὶ
672 854 717 908 τὸν
731 855 871 925 θράσυλον
884 852 1082 927 συμπεριήγετο·
1104 855 1153 926 οὐχ
1171 852 1211 910 ἵνα
1229 856 1299 930 αὐτῷ

145 934 279 990 συνθέσεις
300 935 506 1006 οἷκοδομιγμάτων
520 935 657 1006 ἐξηγῶνται
678 935 718 989 καὶ
738 933 884 1005 ἀναλύσεις,
899 934 959 989 ἀλλ’
973 933 1012 990 ἵνα
1033 937 1098 1007 πρὸς
1117 937 1149 989 τὰ
1169 937 1233 1008 ἔργα
1253 939 1300 1006 τῆς

144 1015 235 1086 ἀρετῆς
254 1021 414 1088 παρορμῶσι.
456 1011 647 1090 Interfuitque
664 1012 833 1089 Thrasyllus
854 1015 992 1073 conuiuio
1015 1015 1096 1092 quod
1117 1016 1217 1091 paucis
1239 1016 1298 1074 die·

144 1094 199 1152 bus
221 1105 287 1154 ante
308 1105 434 1154 mortem
451 1096 602 1172 Augustus
622 1095 724 1154 habuit
741 1093 830 1174 (Suet.
846 1096 923 1172 Aug.
940 1094 1000 1174 98).
1043 1096 1102 1168 Qui
1124 1115 1191 1155 cum
1211 1098 1299 1156 unius

64 1190 67 1193 ’
144 1193 181 1233 ex
199 1176 318 1248 dilectis,
333 1176 495 1253 Masgabae
510 1177 638 1247 nomine,
655 1195 742 1254 quem
757 1178 839 1253 quasi
857 1178 1038 1236 conditorem
1052 1178 1163 1236 insulae
1178 1177 1311 1254 Capreis·

145 1257 303 1317 adiacentis
318 1262 432 1330 Κτίστην
446 1277 553 1317 uocare
571 1267 732 1326 consuerat,
747 1260 882 1316 annulum
896 1279 910 1316 e
923 1259 1044 1316 triclinii)
1058 1260 1301 1318 anninaduertisset

144 1357 247 1414 magna
262 1340 344 1399 turba
358 1341 504 1414 multasque
519 1339 670 1397 luminibus
675 1341 868 1418 frequentari,
884 1359 993 1398 uersum
1007 1342 1179 1415 conpositum
1193 1349 1298 1400 extene-

138 1429 210 1494 pore
229 1420 305 1478 clare
320 1422 526 1496 pronuntianti,
548 1427 662 1476 Κτιστοῦ
683 1424 711 1476 δὲ
731 1421 828 1492 τύμβον
849 1423 943 1494 εἶσορῶ
961 1422 1127 1495 πυρούμενον.
1174 1421 1298 1480 Conuer-

144 1519 243 1574 susque
263 1503 304 1558 ad
319 1501 510 1574 Thrasyllum,
529 1501 640 1559 Tiberii
656 1503 784 1573 canitiem,
802 1508 899 1560 contra
920 1503 1101 1573 accubantem,
1120 1509 1146 1560 et
1165 1504 1298 1579 ignarum

134 1584 195 1661 Iret}
221 1584 406 1658 interrogauit
423 1584 570 1640 cuiusnam
587 1589 681 1657 poetae
703 1589 819 1657 putaret
840 1602 910 1641 esse:
936 1602 989 1657 quo
1012 1584 1163 1641 haesitante
1185 1584 1301 1642 subiecit

146 1663 244 1730 alliam,
266 1665 345 1737 Ὁρᾷς
369 1664 470 1736 φὰεσσι
495 1666 643 1738 Μοσγόβαν
665 1668 814 1736 τιμώμενον,
839 1683 872 1722 ac
899 1667 931 1722 de
956 1665 1007 1723 lloc
1029 1683 1129 1739 quoque
1154 1667 1298 1724 consuluit.

148 1743 220 1802 Cum
242 1745 288 1802 ille
308 1745 385 1802 nibil
403 1746 487 1803 aliud
506 1747 676 1820 responderet
695 1745 756 1802 nisi
774 1747 964 1820 cuiuscumque
987 1753 1079 1817 essent,
1100 1748 1212 1821 antinoi
1235 1765 1298 1817 esse,

144 1826 309 1883 cachinnum
326 1827 441 1884 sustulit
455 1833 535 1901 atque
551 1827 582 1884 in
600 1829 669 1884 abeas
685 1826 789 1904 alfusus
806 1833 852 1884 est.
960 1856 964 1870 .
1340 1897 1342 1900 .

186 1907 246 1966 Hic
261 1907 432 1984 Thrasyllus
450 1918 483 1967 ut
501 1908 562 1966 Ibis
583 1907 667 1966 luerit
688 1909 857 1984 conspirant
877 1927 939 1968 non
960 1927 1063 1984 pauca.
1106 1907 1185 1967 Nam
1207 1908 1298 1968 filium

144 1987 245 2046 habuit
265 1985 351 2067 (Tac.
374 1990 452 2048 Ann.
472 1989 506 2049 vi.
530 1986 581 2066 aa)
601 1990 680 2049 unde
703 1990 751 2048 illa
770 1998 844 2064 teque
864 1997 974 2066 tuosque
997 1991 1123 2066 explices
1148 2009 1175 2048 u.
1199 1992 1247 2064 56,
1268 2000 1298 2049 et

144 2069 328 2129 doctissimus
348 2069 401 2130 fuit
422 2071 471 2149 qui
491 2072 644 2129 multarunt
664 2074 769 2130 artium
790 2074 930 2130 sceentnbm
948 2074 1094 2150 proffessus
1112 2080 1250 2147 postremo
1270 2088 1316 2129 se‘

144 2153 219 2209 dedit
236 2152 400 2210 Platonicae
420 2159 504 2210 sectae
524 2152 633 2232 (Schol.
656 2152 758 2211 quen.
773 2154 808 2212 vi.
827 2150 909 2230 575),
931 2154 1009 2212 unde
1031 2163 1297 2213 commemorantur

144 2233 206 2291 eius
219 2233 283 2291 libri
301 2234 338 2292 de
352 2234 483 2306 Platone,
499 2234 535 2292 de
550 2233 711 2293 Democriti
730 2235 842 2310 scriptis
862 2234 1015 2312 quomodo
1034 2235 1158 2310 legenda
1178 2236 1244 2306 sint,
1259 2236 1296 2295 de

143 2315 330 2390 temporibus,
356 2314 545 2392 Aegyptiace,
570 2315 607 2374 de
631 2315 782 2391 lapidibus,
806 2315 950 2376 Thracica
978 2315 1110 2396 (Clinton
1134 2317 1167 2376 F.
1193 2314 1233 2374 H.
1258 2317 1295 2375 iii.

144 2414 173 2473 p.
189 2394 260 2475 555)
270 2416 278 2469 ;
300 2406 332 2456 ut
346 2398 469 2473 dignum
489 2397 591 2456 credas
611 2397 641 2454 in
662 2416 749 2474 quem
769 2407 886 2457 tottam
905 2397 1007 2457 doctas
1025 2398 1158 2457 historias
1173 2397 1297 2457 Ouidius

144 2488 337 2554 congereret:
369 2488 398 2538 et
426 2479 536 2555 optime
564 2478 684 2556 quadrat
712 2476 918 2539 mathematico
944 2480 1066 2556 repetita
1092 2480 1199 2539 totiens
1228 2480 1297 2539 solis
1350 2544 1353 2553 ¹

144 2559 229 2618 lunae
244 2559 371 2618 siderum
385 2561 457 2619 caeli
471 2561 590 2632 mentio,
604 2570 663 2619 tarn
678 2560 805 2621 studiose
819 2562 954 2638 inquisita
968 2571 996 2619 et
1010 2561 1158 2620 enuntiata
1172 2562 1296 2637 genesis.

145 2639 225 2712 Quid
250 2641 331 2717 quod
359 2641 504 2719 Thrasylli
530 2660 641 2701 nomen
667 2643 743 2701 inter
769 2643 901 2702 historias
925 2642 1024 2702 locum
1052 2643 1141 2701 habet
1168 2661 1196 2701 u.
1216 2644 1297 2717 331?

144 2722 226 2797 quod
242 2723 420 2800 Aegyptium
439 2724 532 2783 acrius
551 2724 686 2782 mordent
700 2734 742 2783 tot
756 2724 842 2783 ducta
856 2743 893 2783 ex
909 2725 1066 2800 Aegypto?
1094 2724 1175 2800 quod
1194 2724 1297 2783 melius

145 2803 186 2862 sic
200 2803 274 2862 inter
292 2822 323 2863 se
342 2816 548 2880 comparantur
566 2824 666 2881 σοις
682 2806 743 2865 dies
757 2805 902 2875 Alliensis,
918 2806 979 2864 dies
993 2805 1096 2864 natalis
1113 2805 1296 2877 luiniacum

145 2894 174 2944 et
188 2885 322 2945 Alliensis
340 2895 369 2944 et
382 2884 578 2963 Aegyptiacus
596 2887 657 2945 dies
678 2896 739 2946 ater
759 2887 860 2946 fuerit?
883 2887 993 2964 (Noris
1015 2885 1178 2964 Cenotaph.
1200 2887 1295 2946 Pisan.

146 2965 231 3044 373).
273 2967 424 3026 Praeterea
444 2986 481 3025 ex
498 2967 639 3027 Mendete
661 2969 684 3026 si
705 2967 765 3039 luit,
781 2987 855 3044 quae
876 2969 944 3026 urbs
965 2986 1028 3025 non
1048 2968 1137 3044 longe
1158 2969 1258 3028 aberat
1279 2987 1297 3028 a

145 3047 296 3124 Lycopoli,
307 3048 398 3107 habes
412 3067 464 3107 cur
473 3050 550 3124 lupos
564 3049 608 3107 bis
622 3050 767 3108 induxerit
781 3058 875 3125 poeta,
887 3067 924 3120 44
934 3049 1009 3106 Pax
1023 3050 1078 3107 erit
1089 3050 1155 3108 baec
1168 3050 1261 3108 nobis.
1272 3093 1296 3109 ..

148 3129 221 3188 Cum
233 3139 329 3206 pecore
343 3131 457 3207 infirmo
474 3149 544 3204 quae
561 3132 628 3188 solet
643 3150 697 3188 esse
715 3132 797 3205 lupis,
816 3143 880 3203 171,
899 3149 914 3186 a
929 3129 1025 3205 Deque
1041 3137 1086 3188 tuo
1094 3131 1155 3207 fiet,
1170 3132 1233 3188 licet
1243 3131 1298 3189 bac

132 3212 185 3269 'st's
202 3211 282 3269 laude
298 3211 439 3287 superbus,
454 3211 669 3270 Insatiabilibus
682 3222 794 3287 corpore
812 3214 885 3270 rixa
899 3211 981 3287 lupis
1026 3211 1090 3270 Iam
1104 3212 1233 3270 Platonis
1247 3212 1297 3288 qui

145 3293 291 3352 studiosus
311 3294 404 3365 fuerit,
425 3293 562 3369 idemque
583 3294 613 3350 in
633 3293 793 3369 periculum
814 3294 925 3351 uenerit
945 3312 962 3352 a
983 3310 1067 3351 muro
1088 3294 1297 3369 praecipitandi

145 3371 238 3453 (Dion
252 3374 285 3433 C.
302 3389 349 3449 55.
366 3373 424 3453 11),
439 3375 558 3434 mirifice
572 3375 603 3432 in
617 3374 694 3434 bunc
709 3376 848 3434 conuenit
861 3375 979 3434 historia
993 3375 1041 3433 illa
1055 3374 1092 3433 de
1106 3374 1297 3435 Cleombroto

146 3475 214 3531 494,
229 3456 350 3533 nequid
365 3456 401 3515 de
415 3456 476 3515 aliis
490 3456 611 3515 dixerim
625 3457 674 3533 qui
688 3457 719 3513 in
733 3456 815 3516 Ibide
832 3476 869 3516 ex
889 3457 947 3515 alto
963 3456 1065 3515 deiecti
1080 3457 1222 3529 dicuntur,
1237 3474 1297 3533 quo

144 3537 342 3597 crudelissimo
358 3537 499 3614 supplicio
514 3537 585 3596 nihil
598 3538 692 3613 magis
707 3539 844 3598 Tiberius
856 3538 1057 3615 frequentauit.

184 3619 297 3678 Dixerit
317 3619 364 3678 hic
385 3619 505 3695 aliquis;
526 3619 575 3677 Tu
595 3620 625 3677 in
640 3619 775 3678 Cassium
791 3620 932 3679 Seuerum
950 3619 997 3678 uel
1014 3619 1051 3679 T.
1067 3619 1231 3680 Labienum
1250 3621 1297 3680 uel

145 3700 332 3777 Thrasyllum
353 3702 534 3777 astrologum
553 3701 599 3760 uel
619 3711 731 3760 certum
749 3701 874 3778 aliquem
895 3701 1054 3761 delatorem
1074 3720 1192 3761 carmen
1206 3703 1297 3762 lbidis

42 3858 45 3861 Ι
145 3782 285 3858 scriptum
299 3783 463 3855 existimas3
485 3801 553 3841 uere
571 3791 602 3841 tu
619 3783 745 3859 quidem,
761 3802 831 3842 nam
849 3802 912 3842 non
929 3783 1023 3842 dubiis
1043 3785 1140 3843 uerbis
1160 3785 1189 3843 id
1208 3791 1297 3860 po'e'ta

96 3898 99 3905 ·
145 3863 327 3940 significauit,
341 3884 369 3923 u.
387 3877 402 3937 7
418 3864 522 3935 Vnus,
536 3872 562 3922 et
572 3865 623 3923 boc
642 3867 730 3940 ipsunt
749 3872 789 3923 est
805 3867 915 3924 iniuria
931 3884 1044 3942 magna,
1055 3874 1201 3941 perennem
1219 3865 1296 3924 Can·

144 3945 221 4002 dorii·
234 3947 344 4004 tz'tulnm
358 3965 412 4003 non
425 3947 496 4003 sinit
506 3965 561 4004 esse
574 3949 634 4018 mei,
651 3967 688 4022 93
703 3946 783 4006 Neue
796 3949 889 4005 ninus
903 3953 1015 4004 noceant
1018 3947 1120 4023 fictum
1133 3947 1297 4005 execrantia

144 4045 239 4085 nomen
260 4026 335 4099 Vota,
350 4029 442 4086 minus
456 4046 569 4104 magnos
586 4036 800 4093 commoueantue
815 4030 883 4098 deos,
899 4026 985 4086 Illum
1003 4048 1049 4104 ega
1066 4029 1179 4084 deuoueo
1196 4044 1296 4103 quem

145 4126 239 4168 mens
256 4108 427 4186 intelligit,
441 4108 529 4168 Ibin:
556 4128 724 4186 nomenque
745 4119 857 4167 utnon
878 4110 967 4167 uerbo
988 4110 1115 4184 positum
1137 4109 1180 4179 sit,
1195 4109 1295 4166 animo

145 4200 221 4249 certe
236 4190 462 4267 concipiendum
476 4201 545 4262 erat,
561 4211 598 4250 ne
617 4192 647 4249 ui
666 4209 720 4249 sua
739 4199 848 4249 careret
867 4191 1019 4249 execratio.
1061 4189 1131 4247 Hoc
1152 4190 1231 4247 enim
1251 4189 1295 4246 in·
1386 4212 1387 4215 ¹

145 4272 244 4331 dicant
261 4272 387 4330 dirarum
406 4271 546 4332 lonnulae
566 4272 658 4348 qualis
672 4280 717 4331 est
735 4272 789 4330 ista
804 4270 837 4330 C.
854 4271 877 4329 1.
893 4271 926 4329 L.
942 4271 959 4328 i.
977 4275 1036 4329 820
1051 4270 1159 4329 Nomen
1176 4272 1295 4328 delatum
1402 4300 1405 4308 .

145 4352 275 4413 Naeuiae
287 4352 324 4412 L.
334 4352 371 4412 L.
386 4351 527 4413 Secundae
546 4357 618 4412 sain
637 4372 669 4411 ea
690 4354 746 4411 alio
766 4354 875 4410 nonani
891 4358 937 4423 est,
952 4353 1060 4411 indicat
1077 4353 1121 4411 bis
1141 4352 1296 4429 repetitum

145 4453 257 4494 nomen
277 4435 315 4494 ib.
332 4438 390 4511 819
406 4435 517 4507 Danae,
536 4447 564 4494 et
584 4437 614 4493 in
634 4434 747 4494 Graeca
761 4435 954 4511 inscriptione
971 4452 1017 4511 ap.
1033 4433 1198 4495 Kaibelium
1217 4435 1294 4510 1136
