3038 4988
267 396 324 452 162
665 385 1015 448 COMMENTARIVS.

263 547 389 602 historiis
407 548 518 602 Graeca
535 544 673 600 Romanis
692 546 823 616 praetulit
843 545 972 601 Ouidius.
1018 547 1149 610 liquidis
1168 543 1271 600 dicitur
1289 551 1413 615 respectu
1465 571 1468 575 ·

263 620 358 673 nantis
371 628 401 673 ut
416 621 456 673 M.
467 618 483 672 i.
495 633 512 687 9
515 630 527 686 5
542 619 573 671 in
585 618 711 687 liquidas
717 619 809 687 penas
816 617 995 671 descenderat
1005 618 1105 685 undas,
1117 618 1180 671 Cat.
1189 616 1253 671 lxiv.
1265 631 1281 670 2
1295 617 1414 686 liquidas

263 691 396 759 Neptuni
406 707 487 743 nasse
493 693 550 759 per
560 689 659 743 undas.
732 691 808 741 dum
825 691 924 742 nabat
937 687 1128 756 ‘swimming.'
1165 688 1308 757 Sperabat
1324 688 1414 741 nando

264 777 295 815 se
315 760 343 814 in
362 770 454 814 tutum
471 776 629 814 euasurum
737 762 808 812 592.
826 757 975 826 Etetiam,
989 758 1022 812 cf.
1036 759 1096 825 460.
1142 761 1281 824 stygius.
1320 760 1415 827 Inepte

265 830 434 900 Saluagnius
462 831 500 885 ad
528 832 617 899 Styga
640 829 812 884 Arcadicam
835 829 938 896 retulit,
963 828 1044 899 quasi
1069 831 1218 882 uenenatas
1246 827 1328 899 aquis
1360 828 1414 882 Ibis

284 901 403 955 eriturus
428 910 510 956 esset.
561 902 656 970 (Paus
678 899 734 954 viii.
758 913 796 967 17.
816 901 833 954 6
853 917 923 970 sqq.‚
944 900 1035 954 Strab.
1056 901 1116 968 389,
1136 901 1195 954 Ael.
1219 902 1257 954 H.
1277 901 1313 954 A.
1332 919 1357 954 x.
1375 913 1414 967 40,

292 972 374 1026 itruu.
387 970 443 1038 ¹viii.
458 986 482 1039 3,
503 972 567 1026 Sen.
588 974 624 1026 N.
639 970 725 1040 Q..iii.
739 984 781 1039 25,
802 971 872 1025 Plin.
893 972 931 1024 H.
946 973 983 1025 N.
1001 970 1029 1025 ii.
1042 985 1102 1038 231,
1121 989 1183 1023 xxx.
1200 985 1259 1039 149,
1278 969 1350 1024 xxxi.
1365 969 1415 1037 26).

265 1046 394 1107 stygius
405 1046 509 1106 liquor
522 1041 624 1096 eodem
637 1058 723 1096 sensu
737 1041 838 1097 dicitur
851 1058 907 1111 quo
922 1043 961 1095 M.
976 1041 1020 1095 xii.
1036 1057 1085 1109 321
1101 1041 1329 1110 ‘Miscenda'qae
1345 1042 1418 1095 dixit

264 1113 350 1167 ‘Cum
369 1114 456 1183 Styge
474 1115 545 1166 aina
562 1113 649 1181 bibes,'
665 1112 693 1166 h.
707 1129 731 1167 e.
750 1112 832 1166 bibes
854 1128 918 1165 cum
940 1111 1007 1165 uino
1024 1121 1153 1184 mortem,
1172 1111 1322 1166 bibentem
1344 1127 1415 1165 mors

264 1200 299 1237 ex
320 1200 366 1237 me
385 1183 543 1251 occupabit.
581 1182 628 1237 Sic
647 1183 751 1253 Stygia
769 1184 855 1251 unda
877 1200 961 1252 aqua,
980 1183 1098 1253 Stygiae
1118 1184 1219 1250 undae,
1242 1199 1335 1251 aquae
1355 1199 1416 1236 con·

264 1263 373 1309 stanter
391 1263 561 1322 usurpantur
583 1253 694 1309 Ouidio.
734 1254 792 1308 Sed
810 1253 856 1307 hic
875 1270 932 1307 non
954 1254 1027 1307 bene
1051 1253 1146 1322 Stygis
1171 1254 1217 1307 uel
1237 1252 1286 1306 leti
1306 1269 1416 1308 amnem

264 1341 329 1377 cum
348 1323 422 1377 ueris
440 1323 521 1393 aquis
540 1323 667 1378 confudit
684 1323 786 1394 quibus
800 1323 945 1378 inimicum
963 1325 1169 1392 strangulatum
1186 1323 1273 1393 cupit,
1287 1324 1416 1377 nimirum

264 1395 341 1464 quod
354 1411 427 1464 quae
444 1411 535 1464 aquae
552 1412 703 1463 mersuras,
721 1396 839 1449 eaedem
856 1396 913 1449 leto
932 1405 1027 1449 essent
1040 1395 1166 1449 daturae.
1198 1397 1237 1448 Et
1251 1394 1293 1448 sic
1309 1395 1416 1448 Merke-

264 1466 318 1519 lius
343 1466 380 1520 ad
406 1466 457 1519 loc.
502 1465 614 1519 Eodem
636 1466 694 1520 fere
713 1466 799 1519 modo
818 1465 934 1519 durnin
956 1465 1039 1519 undis
1058 1465 1178 1520 iactatur
1200 1464 1329 1519 marinos
1351 1465 1415 1519 deos

264 1536 411 1607 alloquens
431 1535 499 1591 dicit
517 1537 636 1591 Mittere
657 1554 700 1590 me
718 1537 835 1607 Stygias
853 1538 882 1589 si
900 1538 959 1589 iam
981 1536 1116 1590 uelutis-et
1134 1537 1175 1590 ad
1193 1537 1289 1609 undas
1309 1537 1415 1603 Caesar,

263 1609 295 1660 in
308 1606 734 1678 nocuestranoueguzrsetope.
772 1608 819 1661 Tr.
831 1606 849 1661 i.
864 1621 887 1661 2.
902 1606 945 1676 65,
957 1607 983 1662 6.
1040 1611 1292 1672 ειτυυςιιΙαυοςα
1308 1611 1417 1671 liquor.

265 1677 314 1731 Sic
343 1677 379 1732 de
411 1679 499 1732 Paeto
529 1678 716 1746 naufragante
746 1677 908 1745 Propertius
939 1677 979 1734 iii.
1003 1691 1028 1744 7.
1056 1690 1087 1746 52
1112 1678 1156 1731 Et
1183 1678 1271 1731 miser
1294 1679 1415 1732 inuisam

264 1750 357 1802 traxit
379 1747 477 1802 hiatus
500 1765 613 1817 aquam,
638 1749 670 1816 56
693 1749 764 1803 Cum
789 1748 957 1801 moribunda
978 1750 1062 1819 niger
1079 1749 1223 1802 clauderet
1243 1765 1296 1802 ora
1317 1750 1415 1818 liquor.

263 1822 334 1873 593.
352 1822 512 1883 supereris
524 1818 658 1873 euaseris.
694 1818 789 1887 Agris.
801 1818 884 1872 xxxiii
902 1819 1058 1889 Superesse
1069 1824 1182 1873 tantum
1195 1821 1318 1887 itiner-is,
1331 1821 1416 1873 selam

263 1891 392 1958 euasisse,
410 1892 546 1943 transisse
563 1891 724 1943 aestuaria·
813 1892 883 1943 594.
902 1893 1008 1944 humo.
1039 1892 1111 1944 Aen.
1124 1889 1158 1943 vi.
1174 1902 1224 1959 355
1246 1891 1316 1944 Tres
1327 1891 1416 1943 Notus

263 1960 394 2014 hibernas
417 1961 545 2014 inmensa
564 1964 621 2030 per
642 1977 766 2030 aequora
790 1966 880 2014 noctes
906 1962 987 2014 Vexit
1011 1978 1054 2014 me
1077 1961 1220 2014 uiolentus
1244 1978 1342 2030 aqua:
1369 1961 1418 2013 aix

263 2032 371 2084 lamine
391 2037 494 2101 quarto
512 2033 653 2101 Prospem‘
669 2032 789 2085 Italiam
809 2048 921 2084 samma
941 2031 1071 2084 sublimis
1091 2031 1125 2084 ab
1146 2032 1233 2086 anda.
1270 2032 1415 2085 Paulatim

264 2103 404 2155 adnabam
415 2107 529 2156 terrae:
546 2104 605 2155 iam
617 2107 681 2156 tata
697 2103 829 2170 tenebam,
842 2103 888 2156 Ni
899 2118 972 2172 gens
988 2102 1110 2156 crudelis
1128 2103 1245 2155 madida
1263 2119 1328 2156 cum
1347 2107 1417 2155 ueste

259 2177 420 2243 grauatum
444 2174 682 2242 Prensantemqae
706 2174 786 2226 aucis
811 2173 941 2226 manibus
961 2174 1057 2243 capita
1080 2176 1182 2242 aspera
1205 2175 1312 2227 montis
1332 2175 1417 2226 Ferre

264 2244 422 2308 mansisset,
431 2243 625 2312 praedamque
636 2245 741 2314 ignara
749 2247 885 2313 putasset.
970 2246 1040 2297 595.
1059 2246 1285 2298 cothurnatum
1304 2250 1416 2305 uatem

264 2312 440 2381 Euripidem.
476 2317 577 2367 tutela
588 2317 717 2379 Dianas,
726 2330 811 2368 canes
822 2314 869 2383 qui
880 2312 992 2368 Dianae
1002 2313 1103 2368 aedem
1112 2313 1272 2382 tuebantur,
1282 2323 1314 2368 ut
1325 2332 1359 2368 ex
1371 2312 1418 2382 596

264 2382 402 2452 uigilum
415 2398 517 2436 canam
530 2394 656 2453 apparet,
666 2395 694 2439 et
707 2402 741 2438 ex
755 2386 829 2453 Hyg.
841 2397 892 2450 247
905 2385 1062 2454 Euripides
1073 2385 1287 2454 tragoediarum
1299 2388 1418 2455 scriptor

264 2453 298 2507 in
316 2454 441 2522 templo
459 2458 639 2524 consumptas
656 2460 704 2509 est.
743 2455 790 2509 Sic
811 2457 851 2509 M.
865 2454 921 2510 viii.
935 2468 983 2522 711
1000 2455 1200 2525 templr'tutela
1209 2456 1292 2521 fuere
1305 2455 1416 2524 (Baucis

264 2533 293 2579 et
307 2522 475 2591 Philemon),
489 2524 518 2577 id
537 2525 613 2604 quod
631 2525 789 2594 petiuerant
802 2538 862 2593 707,
876 2526 947 2579 Esse
964 2526 1123 2592 sacerdotes,
1136 2526 1310 2595 delubraque
1326 2532 1417 2580 uestra

264 2596 342 2649 tueri
351 2596 516 2658 Poscimas;
536 2612 577 2648 src
592 2596 632 2648 M.
646 2595 683 2650 iii.
696 2596 748 2662 617
757 2597 862 2665 flauas
874 2600 981 2666 prorae
997 2597 1086 2650 tutela
1103 2596 1279 2650 Melanthus.
1319 2597 1376 2651 ‘Or
1387 2613 1416 2650 as

264 2667 313 2719 the
326 2665 465 2719 wrathsull
478 2665 585 2734 dogges
600 2667 661 2720 that
676 2667 744 2735 kept
758 2666 868 2720 Dianas
880 2666 992 2735 thinges
1011 2666 1039 2720 in
1056 2683 1162 2736 peace:
1184 2668 1217 2719 In
1233 2683 1337 2736 peeces
1354 2683 1417 2736 may

263 2737 330 2790 thee
342 2746 428 2803 teare,
442 2752 473 2789 as
486 2752 557 2790 once
570 2737 638 2805 they
649 2736 699 2790 did
712 2736 881 2806 Euripides!
907 2739 940 2791 T.
952 2737 1140 2791 Vnderdown.
1179 2739 1247 2790 Non
1261 2748 1305 2792 est
1319 2739 1415 2792 ‘canes

265 2805 313 2876 qui
330 2805 358 2860 in
376 2807 463 2860 tutela
476 2816 556 2860 erant
570 2806 698 2876 Dianae,'
710 2807 763 2861 etsi
779 2824 992 2878 nonnumquam
1005 2807 1046 2861 sic
1059 2817 1209 2877 usurpatur
1221 2809 1321 2877 tutela,
1335 2808 1414 2861 Trist.

265 2877 281 2932 i.
303 2892 383 2945 10.1,
406 2894 459 2931 nec
480 2894 544 2931 raro
561 2877 676 2932 struitur
696 2895 761 2931 cum
780 2878 914 2946 genitiuo,
934 2878 981 2948 qui
1002 2878 1112 2946 dicitur,
1132 2878 1261 2946 subiecti,
1281 2889 1311 2933 ut
1331 2879 1416 2933 tutela

264 2949 372 3018 Priapi
383 2949 416 3003 G.
432 2946 466 3002 iv.
484 2964 540 3016 111,
554 2954 572 3002 t.
587 2949 702 3002 deorum
717 2950 794 3002 Grat.
808 2961 869 3017 407,
882 2950 954 3015 4823
977 2966 1063 3003 canes
1081 2958 1176 3003 autem
1196 2948 1310 3003 Dianae
1323 2965 1416 3004 saeros

264 3018 351 3073 fuisse
364 3018 544 3073 notissimum
556 3029 607 3074 est.
639 3019 748 3073 Eudoc.
761 3018 834 3073 Viol.
843 3019 878 3073 iv.
893 3019 928 3073 de
939 3019 1034 3073 Diana
1044 3019 1187 3074 uenatrice
1200 3036 1289 3088 agens
1303 3020 1416 3090 Συνῳδὸν

265 3088 293 3142 δὲ
305 3088 388 3143 τούτω
400 3090 442 3143 καὶ
459 3090 488 3143 τὸ
504 3090 564 3145 τοὺς
580 3089 655 3144 κύνας
671 3089 754 3159 ἱεροὺς
770 3089 847 3156 αὐτῆς
862 3089 1023 3158 νομισθῆναι,
1036 3093 1101 3160 πρός
1117 3112 1146 3142 τε
1155 3090 1208 3155 τὰς
1221 3089 1302 3158 θύρας
1313 3092 1416 3160 ἔχοντας

264 3143 412 3227 ε’πιτηδεῖως
425 3160 465 3213 καὶ
478 3160 615 3231 ἀγρυπνεῖν
630 3160 658 3213 ἐν
675 3163 730 3215 ταῖς
744 3161 800 3226 νυξὶ
813 3161 853 3214 καὶ
865 3161 984 3214 ὑλακτεῖν
995 3162 1152 3230 πεφυκότας.
1189 3163 1238 3214 Ar.
1254 3163 1327 3216 Ran.
1344 3161 1415 3229 1360,

265 3232 344 3286 Grat.
364 3231 506 3300 483-496:
534 3230 656 3300 denique
678 3230 829 3300 Euripides
852 3248 869 3285 a
889 3231 1023 3285 Molossis
1042 3231 1201 3300 discerptus
1220 3231 1324 3286 dicitur
1343 3229 1415 3301 quod

264 3318 354 3370 genus
368 3318 470 3356 canum
484 3301 653 3356 uenantibus
666 3300 846 3355 utilissimum
859 3311 926 3356 erat.
998 3305 1068 3356 596.
1086 3305 1232 3356 Dilaniet.
1267 3301 1415 3371 Euripides

265 3371 294 3425 in
305 3371 452 3426 Bormisco
464 3371 652 3427 Macedoniae
662 3373 872 3442 κυνοσπάρακτος
881 3371 1000 3427 traditur
1009 3372 1095 3427 fuisse
1105 3391 1123 3427 a
1132 3372 1250 3427 canibus
1262 3390 1334 3453 quos
1347 3374 1415 3426 ἐστε·

263 3443 337 3511 ρικὰς
349 3442 513 3497 uocitabant
527 3443 701 3497 Macedones
716 3442 824 3512 (Steph.
839 3445 871 3498 B.
881 3460 902 3497 s.
911 3456 939 3498 u.
953 3443 1118 3512 Βορρίσκος).
1151 3445 1362 3498 Hermes1anax
1373 3459 1414 3512 ap.

264 3513 369 3567 Athen.
387 3515 437 3581 598
458 3514 552 3567 Εἰσόκε
572 3514 615 3566 σοὶ
635 3513 740 3582 δαίμων,
758 3514 890 3583 Εὐριπίδη,
912 3510 993 3583 εὕρετ’
1011 3512 1121 3602 ὄλεθρον
1137 3511 1283 3582 Ἀμφιθέου
1301 3519 1416 3584 στυγνῶν

265 3582 414 3636 ἀντιάσαντι
435 3588 523 3637 κυνῶν.
563 3584 650 3641 Anth.
669 3586 699 3639 P.
718 3583 764 3638 vii.
782 3599 826 3651 44.
845 3599 860 3637 2
883 3586 933 3637 nat
954 3606 986 3638 σε
1003 3583 1190 3654 λυκορραῐυται
1209 3583 1313 3639 δεῖπνον
1332 3585 1416 3638 ἔθεντο

265 3650 345 3706 κύνες.
383 3653 454 3707 Gell.
476 3672 518 3708 xv.
542 3669 583 3708 20.
605 3668 622 3723 9
648 3655 680 3708 Is
704 3672 767 3709 cum
788 3657 820 3708 r'a
840 3656 1010 3709 Macedonia
1030 3656 1112 3726 apud
1129 3654 1305 3708 Archelaum
1327 3671 1416 3726 regem

239 3767 243 3782 .
264 3727 334 3776 esset
352 3727 532 3793 utereturque
548 3742 579 3778 eo
597 3742 650 3778 rex
656 3725 852 3796 familiariter
864 3727 974 3780 rediens
991 3732 1069 3780 nocte
1086 3726 1120 3779 ab
1140 3728 1202 3779 eias
1218 3742 1287 3779 cena
1304 3727 1416 3781 canibus

265 3812 284 3846 α
300 3793 422 3863 quodam
438 3795 548 3849 aemulo
564 3797 690 3849 inmissis
705 3797 877 3851 dilaceratus
892 3794 958 3851 est'
978 3799 1036 3851 Res
1053 3796 1131 3851 uarie
1147 3796 1253 3851 tradita
1269 3807 1313 3851 est
1326 3817 1333 3863 3
1351 3813 1415 3851 nam
1499 3806 1502 3814 ’

265 3874 296 3918 ut
315 3863 445 3918 omittam
464 3865 577 3936 eosqui
600 3876 630 3920 ut
646 3867 781 3921 Addaeus
800 3868 885 3922 Anth.
907 3869 937 3922 P.
955 3867 1000 3922 vii.
1019 3880 1048 3936 51
1070 3867 1213 3936 negabant
1231 3873 1348 3936 poetam
1370 3875 1415 3921 aut

265 3952 283 3990 a
298 3934 416 3989 canibus
430 3946 477 3991 aut
490 3954 508 3991 a
520 3936 632 3991 feminis
646 3937 819 4007 discerptum
834 3955 905 4006 esse,
920 3937 1070 4007 scriptores
1088 3938 1164 3992 uitae
1178 3937 1333 4007 Euripidis,
1347 3953 1421 4008 quos,

266 4007 431 4061 Dindorfius
451 4006 480 4060 in
501 4009 594 4062 Schol.
614 4010 646 4062 T.
665 4008 682 4062 i.
702 4026 749 4078 pp.
766 4021 831 4077 1-15
851 4008 965 4064 exhibet
983 4008 1115 4079 quinque,
1135 4026 1192 4062 non
1213 4008 1286 4063 inter
1303 4026 1335 4063 se
1352 4025 1415 4062 con-

264 4077 397 4132 sentiunt.
448 4080 559 4133 Horum
583 4078 690 4148 primus
715 4079 784 4134 dicit
808 4079 939 4134 Archelai
969 4097 1072 4148 uagam
1100 4096 1202 4134 canem
1231 4080 1414 4133 Molossicam

265 4166 329 4202 cum
352 4150 478 4204 Thraces
497 4148 588 4219 patrio
607 4166 686 4203 more
704 4159 878 4204 mactassent
900 4150 1148 4221 comedissentque
1166 4160 1194 4204 et
1216 4150 1252 4204 ab
1274 4151 1414 4204 Archelao

264 4221 371 4274 talento
393 4221 585 4289 multarentur,
608 4219 774 4289 Euripidem
798 4222 916 4275 multam
941 4222 1141 4290 deprecatum:
1174 4230 1275 4290 postea
1296 4221 1365 4274 dum
1386 4219 1412 4274 in

264 4306 380 4344 nemore
406 4290 458 4359 (sic
480 4290 566 4345 etiam
592 4289 718 4360 quartus)
738 4291 912 4361 conquiescit
934 4291 1064 4347 uenantis
1086 4290 1218 4346 Archelai
1240 4291 1359 4345 canibus
1380 4308 1412 4345 ex

264 4377 335 4414 cane
357 4361 405 4415 illa
426 4360 509 4416 editis
529 4361 703 4416 dilaniatum.
743 4361 866 4429 Tertius,
885 4372 970 4417 noctu
989 4363 1025 4417 ab
1045 4363 1186 4417 Archelao
1209 4361 1375 4416 redeuntem
1396 4377 1412 4415 a

264 4430 338 4498 regis
360 4431 478 4486 canibus
499 4432 635 4501 periisse3
663 4432 785 4503 quintus,
810 4432 958 4488 insidiatos
979 4433 1005 4488 ei
1027 4432 1098 4488 duos
1123 4443 1223 4503 poetas
1245 4432 1411 4487 Arribaeum

266 4501 466 4573 Macedonem,
492 4504 661 4560 Thessalum
688 4505 839 4560 Crateuam
867 4503 1044 4575 persuasisse
1071 4521 1154 4561 seruo
1182 4503 1315 4560 Archelai
1345 4500 1409 4573 Lysi
