3126 4980
264 336 305 393 66
348 378 350 383 .
747 330 930 392 SCHOLIA

265 493 350 562 cami,
369 490 514 549 Ancillam
535 497 561 549 el
580 508 690 548 seruum
705 497 821 565 propter
864 488 961 549 *Vnde
973 490 1088 563 Gallus:
1101 488 1248 546 Ancillam
1259 504 1438 561 seruumque

267 571 459 643 adulterium*
505 570 543 632 G.
860 568 1437 650 suumHypermeslranecaur'tAncr'llam

861 661 887 711 ct
899 673 1010 711 seruum
1017 661 1134 728 propter
1148 649 1357 709 adulterim*
1411 647 1440 707 C

862 736 1072 813 eademquesere
1085 732 1155 791 Ast.

310 829 378 890 354.
420 815 522 875 Talai
576 813 823 892 Tyndareique
905 815 1003 874 Erilile
1025 815 1110 874 Talai
1131 831 1185 890 pro
1206 812 1317 872 monili
1339 828 1438 869 aureo

269 914 383 974 gener.
426 895 524 954 Erifile
547 896 605 955 filia
632 896 724 969 Talai,
750 913 825 954 uxor
866 897 920 957 sibi
942 897 1010 956 dato
1031 897 1164 954 maritum
1187 912 1278 953 suum
1301 893 1437 969 Amphi·

268 977 447 1054 Amphiarai.
491 976 527 1036 G.
865 997 965 1037 araum
1000 979 1038 1037 ad
1067 977 1174 1036 bellum
1207 974 1361 1050 compulit
1394 974 1438 1032 ire

311 1058 451 1118 Tindarei
493 1058 551 1116 filia
587 1056 713 1131 Helena,
751 1075 825 1117 uxor
867 1059 1053 1130 Thebanum,
1082 1059 1132 1116 ubi
1163 1068 1239 1115 terra
1274 1056 1437 1114 absorbuit

270 1138 408 1199 Menelai.
453 1137 490 1197 G.
867 1159 944 1210 eum,
960 1150 991 1198 ut
1006 1140 1034 1198 d.
1049 1140 1172 1198 Statius.
1209 1137 1278 1197 Cet
1289 1135 1369 1195 Ask.

908 1222 1077 1281 Tindarei
1087 1238 1191 1297 gener
1209 1218 1437 1293 Agamemnon

867 1304 919 1361 fuit
942 1321 1030 1380 quem
1055 1321 1128 1361 uxor
1157 1319 1211 1359 sua
1239 1299 1438 1358 Clitemestra

868 1385 1008 1444 Tindarei
1051 1383 1108 1442 filia
1156 1399 1209 1458 per
1246 1381 1437 1457 Aegisthum

867 1465 1049 1529 sacerdotem
1074 1464 1142 1523 fecit
1169 1462 1304 1524 interfici.
1353 1461 1385 1521 C
1413 1468 1440 1519 et

867 1547 937 1606 Art.

316 1640 384 1700 355.
413 1625 579 1702 Quaeque
607 1643 728 1701 parare
756 1626 826 1686 suis
909 1624 1350 1702 BelidesaBeloantiquissimo
1361 1642 1436 1700 rege

274 1708 379 1767 letum
400 1706 613 1782 patruelibus
635 1724 750 1766 ausae.
780 1707 827 1766 De
870 1704 1079 1792 [Graecorum]
1108 1706 1210 1771 †iratre
1235 1706 1360 1782 Aegipti
1393 1706 1436 1764 sic

273 1789 387 1849 filiabus
398 1788 495 1847 Danai
509 1799 538 1849 et
552 1787 616 1848 filiis
626 1787 703 1864 Aeg.
738 1786 776 1848 G.
870 1791 965 1850 dictae
1000 1790 1075 1848 filios
1103 1788 1219 1865 Aegipti
1252 1788 1354 1863 patrui
1390 1788 1436 1845 sui

869 1874 974 1950 quibus
995 1881 1079 1930 erant
1097 1870 1291 1945 desponsatae
1312 1869 1343 1925 in
1368 1870 1437 1944 ipsa

870 1954 917 2012 die
927 1953 1092 2028 nuptiarum
1104 1952 1140 2010 de
1149 1960 1235 2008 nocte
1246 1949 1435 2008 dormientes

872 2052 975 2094 omnes
996 2033 1198 2092 interfecerunt
1219 2042 1345 2106 excepta
1366 2031 1435 2108 Hy·

871 2125 1016 2192 pemestra
1044 2132 1118 2190 quae
1146 2113 1209 2171 sola
1237 2114 1344 2170 marito
1378 2130 1435 2171 suo

873 2197 976 2255 Linceo
988 2196 1125 2273 pepercit,
1136 2194 1215 2253 unde
1230 2194 1311 2271 apud
1326 2211 1436 2251 manes

872 2278 983 2337 dolium
999 2279 1061 2336 sine
1076 2275 1167 2336 fundo
1182 2275 1305 2351 implere
1315 2292 1436 2351 cogun-

359 2383 361 2387 ·
872 2369 925 2417 tur.
972 2358 1008 2417 C.

321 2449 388 2510 357.
411 2433 576 2511 Byblidos
601 2443 634 2492 et
662 2434 830 2512 Canaces.
914 2440 1011 2509 Biblis,
1035 2449 1065 2497 ut
1086 2439 1206 2498 Caunus
1227 2436 1315 2494 frater
1336 2438 1437 2496 amori

278 2515 370 2576 Biblis
402 2515 541 2581 ,Caunum
584 2516 698 2574 fratrem
737 2516 830 2589 suum,
872 2538 926 2580 suo
949 2521 1112 2579 consentire
1129 2519 1229 2590 noluit,
1244 2519 1437 2592 impatienter

274 2597 397 2673 ‘Canace
414 2596 584 2655 Macareum
604 2615 688 2655 suum
707 2597 832 2670 fratrem,
874 2602 978 2660 dolens
992 2602 1083 2660 multa
1096 2601 1161 2659 loca
1175 2600 1307 2659 lustrauit
1322 2611 1351 2658 et
1366 2610 1435 2658 tan-

279 2679 371 2738 filium
384 2677 480 2747 Aeoli,
495 2678 649 2745 adamauit.
695 2678 731 2738 G.
875 2684 943 2742 dem
967 2684 998 2741 in
1023 2682 1132 2741 fontem
1161 2682 1204 2740 sui
1232 2681 1363 2739 nominis
1391 2690 1438 2741 est

875 2774 985 2822 mutata
994 2775 1025 2822 ut
1034 2763 1333 2837 inMeta0⁸9⁰uersus
1342 2762 1439 2821 finem

875 2846 915 2903 ibi
931 2844 1039 2916 Quam
1063 2845 1129 2904 nisi
1151 2856 1185 2902 tu
1206 2843 1360 2903 dederis.
1403 2843 1438 2902 C.

874 3000 876 3004 ,
918 2925 1036 2985 Canace
1049 2927 1106 2985 filia
1114 2925 1200 2983 Aeoli
1212 2943 1279 2983 cum
1290 2923 1440 2984 Macareo

877 3006 963 3085 fratre
1005 3025 1060 3086 suo
1084 3007 1256 3065 concubuit
1294 3014 1325 3062 et
1364 3007 1440 3065 inde

877 3089 990 3164 peperit
1010 3098 1041 3146 ut
1059 3088 1162 3147 dicitur
1183 3088 1213 3144 in
1231 3087 1305 3145 libro
1325 3086 1441 3148 Heroi-

877 3169 956 3228 dum.
998 3168 1032 3228 G.
1370 3206 1371 3210 =

323 3247 468 3308 Construe
484 3249 544 3308 sic:
569 3264 652 3306 soror
671 3257 720 3307 tua
738 3249 859 3308 ardeat·
875 3251 1002 3309 amando
1023 3260 1051 3308 te
1072 3250 1151 3326 igne
1174 3248 1333 3307 Biblidos
1354 3252 1443 3310 itali

282 3346 382 3388 amore
403 3330 482 3405 quali
503 3329 593 3388 Biblis
615 3329 750 3387 Caunum
771 3341 800 3388 et
821 3330 939 3390 Canace
961 3331 1130 3390 Macareum
1151 3331 1267 3389 amauit.
1310 3341 1444 3411 utraque

282 3411 362 3468 enim
373 3409 488 3469 fratrem
500 3428 585 3469 suum
599 3411 709 3467 amauit
723 3429 783 3468 non
799 3412 835 3472 de
850 3413 1033 3480 fraternitate,
1046 3414 1098 3471 sed
1110 3412 1145 3470 de
1157 3430 1273 3470 uenere.
1302 3411 1446 3473 Ardeat

283 3491 351 3549 dico
366 3491 439 3549 sicut
454 3490 553 3548 ardere
569 3500 665 3564 potest
680 3491 788 3568 aliquid
803 3511 855 3569 per
870 3495 968 3570 ignem
984 3494 1020 3552 de
1035 3494 1146 3552 facibus
1161 3493 1278 3551 factum.
1324 3493 1361 3554 C.

326 3584 394 3643 359.
438 3570 488 3629 Sit
543 3571 635 3644 quod
687 3571 838 3649 Pelopea
919 3576 1047 3651 Pelopea
1065 3576 1123 3634 filia
1137 3574 1266 3634 Thiestis
1281 3593 1353 3632 cum
1373 3579 1446 3654 ipso

285 3650 438 3726 Thyesti,
471 3649 616 3728 Myrrha
641 3670 702 3711 suo
738 3657 843 3730 patri,v
879 3657 1000 3717 Thieste
1014 3667 1095 3732 patre
1111 3674 1166 3716 suo
1180 3657 1349 3716 concubuit.
1399 3659 1438 3720 C.

285 3859 418 3942 &Prepa
429 3857 493 3942 V.7.
503 3874 535 3922 75
547 3859 724 3930 Deliciaeque
737 3878 815 3916 meae
825 3865 925 3932 Latris,
938 3865 982 3918 cui
995 3882 1095 3918 nomen
1109 3868 1143 3919 ab
1156 3882 1206 3920 usu
1218 3870 1259 3918 est
1283 3871 1449 3928 Panthionis

284 3948 373 3983 nomen
386 3939 513 3982 inuenitur
525 3933 551 3983 in
563 3931 592 3985 G.
605 3934 626 3985 1.
639 3933 669 3986 G.
685 3938 745 3998 284,
758 3934 936 4003 Hypermestra
949 3948 974 3990 et
986 3939 1114 3992 Panthius
1127 3941 1194 3991 inter
1205 3939 1309 3991 nomina
1312 3938 1449 4007 filiarum

284 4001 385 4064 Danai,
388 3999 507 4066 filiorum
519 4002 637 4070 Aegypti,
650 4003 715 4072 Hyg.
732 4019 790 4068 170.
924 4010 929 4017 '

324 4088 383 4136 354.
409 4071 558 4138 amphiorai
578 4074 601 4126 G
672 4075 791 4129 hemsale
810 4077 902 4131 thanai
925 4079 948 4132 G
1017 4093 1033 4130 a
1052 4082 1127 4131 terra
1148 4077 1292 4144 absorptus
1311 4087 1354 4134 est
1377 4087 1450 4143 Ask.

286 4143 353 4196 Stat.
366 4142 440 4195 Theb.
455 4143 513 4196 VII.
527 4148 576 4208 815
590 4163 642 4212 sqq.
714 4151 901 4214 agamenonG
970 4148 1038 4201 ditio
1053 4149 1185 4202 dextraC
1254 4150 1375 4215 egistum
1391 4158 1422 4210 C.

314 4229 337 4294 ¹3
342 4228 384 4276 55.
403 4228 466 4280 rege
479 4214 633 4267 Grecorum
651 4215 737 4270 fratre
756 4219 877 4286 egisteG
946 4221 996 4272 imo
1014 4225 1093 4286 patre
1106 4220 1194 4273 Danai
1213 4219 1307 4274 fratris
1320 4224 1450 4296 Aegypti

287 4281 395 4336 Lmoc
463 4284 536 4336 unde
549 4286 617 4352 lines
630 4287 701 4353 apud
714 4289 743 4341 C.

325 4366 384 4416 357.
403 4356 541 4436 cannusG
610 4357 774 4412 Metha⁰⁵G
805 4362 856 4417 IX.
871 4379 921 4428 529
994 4359 1101 4430 ardeat]
1116 4368 1146 4414 ut
1160 4363 1188 4416 G.

326 4438 385 4488 359·
405 4427 492 4478 trestrs
507 4426 530 4478 G
678 4429 762 4481 mirra
777 4431 800 4483 G
936 4431 1095 4499 pelopeiaC
1225 4430 1333 4488 thiestis
1346 4442 1413 4493 tum
1429 4447 1455 4500 G
