3126 4980
564 389 913 450 COMMENTARIVS.
1259 397 1315 450 107

163 551 198 604 Τ.
208 548 397 603 Vnderdown.
428 546 486 603 Sed
502 553 628 612 separat
646 564 703 600 non
715 557 758 602 est
770 545 924 617 separauit,
937 546 989 602 sed
1002 546 1072 601 iram
1084 548 1121 601 ab
1134 546 1214 602 initio
1226 565 1316 618 usque

163 622 201 674 ad
215 619 311 674 Ouidii
324 631 453 689 tempora
464 619 582 673 durasse
595 617 743 688 significat.
791 635 871 684 pyra
883 620 967 672 Anth.
984 620 1015 671 P.
1027 619 1074 672 vii.
1087 633 1147 687 399.
1163 633 1185 688 5,
1199 620 1216 674 6
1228 618 1316 673 Ἠνίδε

162 693 287 761 πυρκαϊῆς
304 691 394 744 ι’ίνισον
410 692 508 759 φλόγα
531 690 651 757 δαιομένα
666 691 716 760 γὰρ
728 686 774 756 Ἐξ
793 692 848 744 ἑνὸς
866 689 902 744 εἷς
920 689 1017 743 δισσὰν
1030 689 1101 758 δῆριν
1112 690 1315 759 ἀποστρέφεται.

162 765 214 817 44.
235 763 267 816 Il.
280 761 344 816 xxii.
358 761 409 815 262
427 759 472 816 Ὧς
484 760 530 813 οὐκ
541 760 600 814 ε’στί
612 760 704 813 λέουσι
723 761 762 813 καὶ
775 761 868 830 ι’ίρνασι
880 759 952 829 ὅρκια
965 761 1057 827 πιστάς
1069 759 1136 813 Οὐδὲ
1148 759 1222 814 λῦκοι
1235 783 1262 813 τε
1276 762 1317 814 καὶ

163 832 238 901 ἄρνες
250 834 385 901 ὁμόφρονα
398 833 478 901 θυμὸν
491 833 607 902 ἔχουσιν.
733 835 783 886 45.
803 837 913 896 coepto
930 847 1027 885 uersu
1044 831 1178 900 elegiaco,
1192 849 1247 901 quo
1260 833 1316 885 hoc

163 920 235 972 opus
248 903 329 973 coepi
343 902 473 957 scribere.
561 905 612 957 46.
630 905 709 968 pedo
727 919 845 956 numero
858 911 887 956 ut
900 902 961 968 644.
1045 905 1093 958 47.
1112 906 1217 966 thue
1235 908 1316 967 petit

163 978 274 1038 primo.
314 975 484 1043 Metaphora
503 973 588 1027 ducta
606 991 623 1028 a
641 973 730 1027 milite
749 973 916 1043 proludente
934 973 972 1026 ad
991 989 1122 1042 pugnam.
1160 977 1205 1028 Vt
1223 977 1316 1028 hasta

163 1048 276 1099 militis
293 1048 435 1098 nondum
453 1047 578 1099 calfacti
595 1045 623 1099 h.
634 1061 657 1098 e.
671 1044 835 1114 priusquam
851 1043 1022 1098 concaluerit
1040 1044 1139 1098 ardore
1153 1045 1314 1099 certaminis

163 1120 266 1180 primo
283 1119 363 1180 petit
381 1115 420 1169 ita
432 1115 559 1169 uibratur
571 1125 600 1169 ut
614 1116 698 1168 cadat
711 1115 739 1168 in
756 1119 859 1169 solum
876 1126 944 1184 puta
958 1114 1031 1169 Circi
1045 1132 1174 1184 sparsum
1186 1118 1315 1170 harena.
1355 1172 1360 1178 ,
1374 1160 1379 1164 ,

164 1187 333 1255 Saluagnius
353 1186 474 1240 similem
492 1187 586 1239 locum
605 1185 673 1240 citat
693 1185 837 1241 Ciceronis
859 1186 895 1240 de
915 1187 993 1241 Orat.
1013 1185 1041 1240 ii.
1055 1188 1097 1253 78.
1111 1187 1163 1254 316
1182 1189 1225 1240 ait
1241 1188 1315 1240 idem
1374 1239 1378 1244 .

163 1274 227 1310 cum
245 1257 403 1311 bracchium
422 1256 627 1326 concalefecerit
643 1263 704 1310 tum
721 1274 750 1310 se
767 1257 853 1310 solere
868 1261 1006 1327 pugnare,
1026 1273 1113 1326 neque
1132 1258 1254 1311 attendit
1272 1275 1317 1310 eas

163 1330 238 1398 absos
250 1330 324 1381 unde
337 1328 388 1382 boc
401 1329 494 1382 simile
510 1328 596 1381 ducat
612 1328 680 1381 illas
692 1330 807 1397 primas
823 1327 921 1381 hastas
937 1330 980 1382 ita
998 1329 1104 1382 iactare
1121 1329 1223 1382 leniter
1239 1334 1273 1381 ut
1289 1334 1318 1381 et

163 1401 310 1452 uenustati
320 1399 368 1452 nel
378 1401 500 1452 manime
511 1399 641 1451 sentiant
656 1403 684 1451 et
701 1399 819 1467 reliquis
833 1399 944 1453 uiribus
954 1400 1015 1452 snis
1026 1400 1181 1468 consulant.
1217 1401 1319 1469 Neque

163 1475 204 1523 ast
221 1471 337 1524 dubium
355 1472 425 1539 quin
443 1470 590 1523 exordium
610 1469 722 1523 dz'cendi
740 1468 885 1522 uehemens
902 1474 930 1523 et
945 1474 1070 1540 pugnax
1088 1486 1145 1524 nan
1163 1475 1244 1540 saepe
1260 1487 1316 1523 esse

162 1541 275 1605 debeat,·
295 1542 345 1595 sed
359 1542 387 1594 si
402 1543 433 1594 in
450 1542 512 1610 ipsa
524 1540 575 1593 illa
588 1541 764 1609 gladiatoria
777 1542 854 1593 uitae
865 1541 1023 1609 certamine,
1035 1557 1090 1610 qna
1099 1541 1184 1611 ferra
1195 1543 1315 1595 decerni-

161 1617 221 1679 tur,
243 1617 337 1665 tamen
358 1621 435 1665 ante
460 1627 676 1680 congressum
700 1611 805 1665 multa
829 1610 915 1665 fiunt
937 1627 1022 1680 quae
1044 1628 1109 1664 non
1131 1611 1174 1665 ad
1196 1613 1315 1665 uulnus

163 1682 221 1736 sed
246 1682 287 1736 ad
312 1681 454 1751 speciem
479 1682 589 1735 ualere
614 1681 798 1750 uideantur,
820 1687 927 1750 quanta
950 1680 1002 1735 hac
1025 1684 1117 1753 magis
1137 1684 1169 1735 in
1184 1685 1317 1736 aratione

163 1754 385 1823 exspectandum.
423 1752 513 1806 Aliter
526 1752 680 1806 Merkelius
694 1752 741 1822 qui
759 1769 793 1806 ex
812 1754 843 1806 F.
858 1752 892 1806 vi.
907 1753 1038 1822 205-208‚
1053 1754 1130 1807 Seru.
1144 1753 1182 1806 ad
1194 1755 1266 1807 Aen.
1279 1753 1313 1807 ix.

166 1836 207 1892 53,
230 1823 337 1877 Placidi
359 1823 461 1892 glossis
483 1840 510 1892 p.
532 1836 584 1890 437
608 1823 677 1892 Mai,
699 1825 793 1877 locum
814 1823 934 1892 explicat
960 1823 995 1877 de
1020 1823 1202 1891 clarigatione
1227 1823 1315 1893 patris

163 1894 274 1963 patrati,
289 1893 336 1964 qui
353 1894 441 1948 missa
458 1895 542 1947 hasta
556 1911 640 1964 super
657 1896 815 1948 columnam
837 1904 902 1948 ante
921 1894 1022 1948 aedem
1037 1895 1171 1948 Bellonae
1189 1894 1217 1947 in
1233 1895 1316 1948 Circo
1376 1946 1377 1949 ,

164 1965 305 2019 Flaminio
323 1966 429 2019 bellum
448 1964 599 2020 indicebat.
670 1968 720 2019 48.
746 1968 898 2019 Nondum
916 1967 1050 2019 calfacti.
1089 1964 1172 2018 Trist.
1192 1965 1228 2018 iv.
1242 1980 1266 2033 9.
1281 1980 1317 2033 29

164 2036 264 2090 Circus
280 2036 372 2090 adbuc
387 2041 480 2103 cessat,
493 2037 606 2106 spargit
622 2040 716 2089 tamen
735 2053 799 2090 acer
811 2035 947 2089 harenam
963 2037 1078 2089 Taurus
1094 2042 1122 2089 et
1139 2036 1239 2106 insisto
1257 2038 1316 2090 iarn

158 2108 230 2177 pede
236 2108 339 2175 pulsat
349 2106 475 2160 numum.
545 2109 596 2159 49.
616 2113 708 2161 acuto
721 2106 816 2176 qualia
828 2117 893 2160 sunt
906 2123 986 2161 arma
998 2107 1071 2160 serio
1084 2106 1296 2160 decernentium
1308 2127 1316 2172 ;

164 2178 369 2247 praeludebant
388 2176 505 2245 obtusis,
524 2187 554 2231 ut
573 2194 608 2231 ex
626 2179 660 2231 A.
673 2179 707 2232 A.
722 2177 758 2231 iii.
775 2189 832 2246 515,
848 2177 898 2245 516
917 2187 944 2232 et
966 2179 1016 2246 589
1035 2177 1117 2232 docet
1138 2177 1316 2246 Saluagnius.

163 2251 214 2302 52.
234 2252 324 2303 breul
335 2249 421 2302 breue
431 2258 552 2317 tempus.
591 2251 631 2303 M.
644 2267 670 2302 v.
684 2262 717 2315 32
739 2250 946 2317 cunctatusque
957 2249 1042 2302 breui.
1162 2251 1215 2302 53.
1235 2252 1317 2302 liber

162 2327 309 2389 tamquam
322 2319 351 2372 in
364 2329 492 2388 apertum
505 2320 625 2374 hostem.
654 2321 736 2373 Rern.
747 2332 797 2387 377
810 2320 896 2372 Liber
903 2321 934 2372 in
947 2320 1080 2372 aduersas
1090 2317 1180 2373 nastes
1191 2321 1316 2389 stranga-

162 2396 211 2443 tus
221 2390 331 2443 iambus
344 2388 486 2456 (Ciofan.).
579 2393 629 2445 54.
650 2392 734 2444 Mart.
748 2389 794 2444 vii.
811 2405 850 2444 12.
863 2390 880 2443 6
899 2391 1004 2459 Siqua
1015 2391 1166 2460 Lycambeo
1177 2393 1317 2461 sanguine

162 2461 219 2514 tela
237 2462 351 2515 madent
370 2459 527 2548 (Zingerle).
565 2461 650 2515 Anth.
669 2462 700 2516 P.
713 2460 760 2515 vii.
773 2461 816 2529 69.
832 2475 847 2528 3
865 2459 1023 2531 Ἀρχίλοχος
1040 2460 1152 2527 τέθνηκε·
1174 2463 1316 2530 φυλάσσεο

161 2532 243 2599 θυμὸν
255 2532 354 2600 ἰάμβων
362 2539 467 2602 Δριμυν,
476 2530 634 2602 πικροχόλου
646 2533 793 2600 τικτόμενον
805 2533 943 2599 στόματος.
980 2527 1065 2585 Οἶσθα
1077 2533 1141 2600 βοῆς
1150 2532 1241 2584 κείνοιο
1251 2529 1316 2600 μέγα

163 2599 264 2670 σθένος,
277 2599 333 2656 εὖτε
347 2603 487 2670 Λυκάμβεω
501 2606 570 2670 Νῆυς
582 2602 627 2668 μία
646 2605 689 2655 σοὶ
702 2603 798 2657 δισσὰς
810 2605 891 2674 ἤγαγε
903 2601 1052 2673 θυγατέρας.
1150 2606 1199 2657 55.
1218 2606 1316 2656 Nune

95 2670 106 2684 ⁰
163 2671 279 2742 interea,
298 2672 366 2726 dum
387 2689 433 2726 me
452 2673 490 2727 ad
511 2673 603 2728 acrius
621 2673 727 2728 bellum
748 2673 875 2726 nondum
897 2672 1012 2728 instruo.
1049 2675 1211 2728 Battiades
1231 2674 1315 2728 Calli-

162 2745 289 2812 machus,
309 2742 385 2798 Batti
405 2743 486 2797 filius
524 2746 625 2800 Catuli.
644 2746 698 2799 lxv.
720 2744 759 2812 16,
782 2744 851 2798 cxvi.
866 2752 895 2798 ‘2.
950 2747 1115 2798 inimicum
1132 2744 1315 2814 Apbllonium

163 2814 316 2870 Rhodium.
448 2818 495 2870 57.
514 2819 658 2869 historiis
670 2815 820 2884 praecipue
834 2815 1040 2884 mythologicis,
1054 2832 1266 2897 nonnumquam
1280 2833 1315 2870 ex

162 2885 318 2939 recentiore
342 2893 470 2955 tempore
495 2885 587 2940 ductis
612 2903 646 2940 ac
669 2902 738 2940 uera
762 2886 992 2940 memorantibus.
1031 2885 1078 2940 Sic
1103 2887 1166 2940 Am.
1188 2887 1214 2940 ri.
1234 2901 1260 2952 4.
1279 2902 1315 2953 44

164 2956 302 3009 Omnibus
321 2954 449 3011 historiis
469 2973 498 3010 se
518 2974 596 3010 mens
616 2961 700 3026 aptat
718 2973 807 3024 amar,
829 2956 877 3010 ubi
899 2958 935 3010 de
958 2954 1036 3009 Leda
1057 2965 1085 3010 et
1108 2958 1216 3011 Aurora
1237 2957 1314 3012 dicit.

164 3027 247 3096 Prop.
266 3026 300 3081 iv.
316 3040 340 3093 7.
353 3028 396 3096 64,
416 3027 452 3082 iv.
469 3042 490 3082 1.
507 3043 564 3096 119,
584 3027 631 3081 ubi
654 3027 690 3081 de
712 3027 814 3097 fabulis
834 3028 1007 3081 Graecorum
1029 3043 1122 3080 sermo
1141 3037 1192 3082 est.
1229 3029 1315 3082 Tales

163 3108 228 3151 sunt
241 3098 353 3168 ἱστορίαι
366 3096 435 3166 ξέναι
448 3098 489 3150 καὶ
501 3098 618 3166 ἅτριπται
632 3097 745 3167 quasin
759 3097 952 3167 Lycophronis
963 3097 1131 3165 Alexandra,
1143 3098 1314 3153 Heraclidae

164 3167 273 3222 Pontici
299 3168 424 3237 Leschis‚
450 3168 594 3223 Parthenii
620 3168 726 3238 Elegiis
751 3167 858 3222 inuenit
883 3167 1078 3222 Artemidorus
1103 3168 1198 3222 Oneir.
1225 3168 1260 3223 iv.
1279 3169 1314 3236 63

163 3238 265 3293 citatus
278 3257 295 3293 a
309 3239 455 3294 Meinekio
468 3241 550 3294 Anal.
563 3240 643 3294 Alex.
656 3256 683 3309 p.
698 3254 713 3292 2
717 3240 756 3308 58.
830 3243 931 3294 eaesis
943 3238 1069 3292 obscuris
1084 3238 1149 3293 Sen.
1164 3239 1265 3308 Oedip.
1280 3254 1313 3308 92

162 3309 295 3381 Sphinga
307 3312 392 3364 caecis
404 3311 489 3364 uerba
501 3316 650 3369 nectentem
663 3311 753 3364 modis
765 3308 773 3338 ⁴
780 3309 919 3377 riddling.’
1047 3313 1095 3363 58.
1115 3326 1215 3374 genus
1228 3309 1315 3364 ‘line'

163 3379 257 3451 ‘style’
270 3381 346 3435 idem
358 3391 402 3436 est
415 3382 492 3451 quod
504 3387 712 3452 argumentum.
785 3384 834 3435 59.
854 3385 1001 3445 ambages
1013 3380 1175 3449 aenigmata
1183 3394 1243 3448 377.
1281 3383 1312 3435 F.

163 3449 201 3506 iii.
212 3464 263 3519 337
274 3469 374 3506 uerum
383 3453 499 3524 ambage
511 3459 618 3507 remota
627 3453 754 3506 Abdidit.
809 3454 857 3506 60.
878 3455 1048 3516 iudiciique
1058 3469 1114 3522 quo
1128 3463 1225 3522 aperta
1234 3469 1314 3520 prae·

83 3531 85 3535 '
161 3522 370 3577 seroobscuris.
425 3527 474 3578 62.
491 3529 530 3578 tu
541 3539 672 3588 quoque.
703 3522 779 3576 Hinc
792 3522 893 3591 colligo
908 3523 1111 3576 Callimachum
1124 3521 1153 3575 in
1168 3523 1314 3578 Ibidesua

161 3608 266 3648 nomen
274 3611 332 3647 non
343 3593 472 3663 posuisse
480 3593 643 3649 aduersarii.
680 3597 728 3648 63.
742 3597 940 3658 aliquantum
948 3598 1051 3648 noetis
1060 3593 1313 3648 multam'obscuri·

162 3672 259 3717 tatem.
297 3664 345 3718 Sic
359 3665 548 3733 Quintilianus
562 3664 656 3718 viiia.
670 3679 704 3732 23
722 3666 841 3718 tenebris
853 3666 989 3718 arationis
1000 3666 1108 3736 inferat
1118 3666 1258 3734 quoddam
1270 3668 1314 3719 in·

161 3735 334 3805 tellzgentiae
344 3752 412 3789 suae
424 3737 526 3790 lumen.
554 3735 665 3789 Eodem
679 3753 763 3790 sensu
775 3735 882 3789 Statius
893 3736 1080 3805 Lycophrona
1093 3741 1190 3790 atrum
1203 3736 1272 3790 dixit
1284 3738 1313 3792 S.

162 3822 187 3858 v.
200 3819 223 3872 3.
236 3818 284 3874 157
295 3806 495 3876 (Saluagnius).
550 3810 600 3862 64.
616 3810 703 3861 uitas
716 3810 813 3860 series
822 3817 852 3861 ut
856 3807 922 3876 sati
931 3809 1016 3860 series
1027 3809 1067 3860 M.
1078 3825 1121 3861 xv.
1134 3819 1190 3874 152,
1203 3808 1273 3861 Stat.
1283 3808 1313 3862 S.
1380 3816 1383 3824 '

162 3873 198 3930 iv.
209 3890 233 3943 3.
246 3888 292 3944 145
308 3877 374 3930 Vidi
384 3895 469 3947 quam
481 3878 579 3931 sem'em
593 3879 731 3931 morantis
740 3879 806 3931 aeui
812 3878 984 3931 Pranectant
996 3877 1048 3931 tibi
1055 3877 1189 3930 candidae
1198 3894 1313 3932 sorores.

162 3948 212 4002 65.
230 3950 331 4000 natali
343 3951 475 4012 Ianique
487 3953 649 4003 Kalendis.
687 3948 871 4018 ‘Priusquam
885 3949 965 4002 Naso
980 3949 1058 4002 Deos
1071 3947 1245 4001 inuocandos
1259 3948 1313 4001 sibi

162 4016 302 4084 conciliet,
323 4017 386 4071 ibin
405 4030 500 4074 monet
522 4029 552 4073 ut
577 4019 664 4074 natali
684 4037 736 4074 suo
757 4019 949 4088 Kalendisque
970 4017 1107 4072 Ianuariis
1129 4019 1181 4071 has
1201 4017 1276 4071 diras
1295 4036 1314 4073 a

160 4086 263 4157 quouis
281 4088 417 4157 legendas
435 4089 545 4160 sibique
563 4107 614 4160 pro
633 4089 732 4145 faustis
750 4089 960 4159 precationibus
977 4087 1137 4142 recitandas
1156 4099 1242 4155 curet,
1257 4105 1313 4157 quo

162 4156 270 4212 scilicet
283 4157 317 4211 iis
331 4159 430 4214 diebus
442 4161 640 4229 pronuntiatae
653 4160 801 4215 certiorem
813 4159 967 4229 perniciem
979 4158 1157 4228 portendant.
1194 4159 1313 4214 Veteres

162 4228 239 4283 enim
262 4228 399 4300 quidquid
420 4231 523 4285 ominis
542 4231 609 4286 mali
630 4232 729 4287 diebus
751 4231 805 4285 illis
827 4229 955 4284 auditum
976 4229 1083 4295 fuisset,
1101 4228 1194 4282 dirum
1215 4230 1313 4284 nescio

163 4299 240 4370 quod
256 4299 372 4354 exitium
389 4301 490 4355 minari
508 4303 679 4357 credebant:
699 4312 798 4356 contra
810 4301 871 4355 dies
889 4300 960 4368 illos,
973 4300 997 4353 si
1014 4299 1084 4353 nihil
1097 4298 1210 4354 infausti
1224 4301 1312 4355 conti-

162 4370 258 4440 gisset,
284 4371 391 4426 faustos
416 4373 588 4427 censebant!
624 4373 698 4427 Salu.
746 4372 897 4426 Natalibus
922 4381 950 4426 et
976 4371 1052 4425 dona
1066 4370 1259 4426 ’mittebantur
1283 4383 1312 4428 et

163 4441 286 4496 Genium
299 4441 418 4512 quisque
430 4460 512 4497 suum
524 4444 643 4498 colebat.
683 4445 782 4513 Itaque
795 4460 852 4497 non
865 4442 926 4498 sine
939 4442 1041 4497 acerba
1054 4441 1181 4497 irrisione
1192 4443 1312 4498 Ouidius

163 4512 249 4568 Diras
268 4523 414 4583 tamquam
433 4513 596 4569 natalicium
614 4530 716 4568 munus
736 4515 862 4583 (Censor.
882 4513 918 4569 de
937 4514 983 4569 die
1004 4513 1100 4569 Natali
1117 4514 1141 4582 Ι)
1162 4513 1241 4569 offert
1261 4515 1312 4569 ini-
