3038 4988
252 370 309 434 iss
654 372 1002 436 COMMENTARIVS.

252 535 323 588 Stat.
341 533 368 587 S.
383 531 399 587 i.
418 545 437 586 1.
452 532 487 586 66
505 537 618 586 sacrata
637 547 744 602 uorago
761 533 931 601 Famosique
948 533 1028 586 lacus
1045 549 1165 587 nomen
1185 533 1408 588 memorabile

252 614 395 672 seruant,
409 606 442 658 82
457 603 524 657 dicit
540 602 652 657 Curtius
667 602 833 656 Domitiano
848 603 932 672 Quod
943 605 972 657 si
985 610 1012 657 te
1026 610 1125 658 nostra
1140 606 1277 658 tulissent
1288 607 1409 658 Saecula

251 679 413 744 temptasses
433 692 477 727 me
497 690 553 727 non
575 674 695 726 audente
718 674 885 743 profundo
912 676 964 728 Ire
988 677 1070 730 lacu.
1108 675 1172 728 Nisi
1194 677 1267 729 forte
1288 675 1408 729 Ouidius

252 755 400 826 utramque
413 746 537 798 fabulam
549 744 719 825 permiscuit.
827 748 900 800 444.
914 748 1055 800 Nomina
1066 750 1163 800 nulla.
1203 748 1282 799 Nam
1294 746 1407 800 notissi-

252 833 315 870 mus
327 817 378 869 fult
392 817 469 869 lacus
484 817 605 869 Curuus.
644 814 721 868 Hinc
734 814 874 882 colligitur
885 834 952 870 uere
965 817 1058 869 locum
1072 817 1107 870 de
1118 815 1215 870 Curtio
1229 816 1405 886 interpretati

253 889 349 941 Const.
365 888 387 939 F
390 885 504 952 anens'c
523 896 551 940 et
566 885 742 939 Passeratius
759 886 797 939 ad
811 888 891 955 Prop.
907 886 945 941 iii.
962 902 1001 941 11.
1014 887 1064 940 61:
1084 904 1151 941 nam
1169 887 1197 940 in
1210 888 1335 941 obscuro
1348 898 1406 941 erat

251 975 356 1011 nomen
367 956 510 1026 Aegistaei
521 956 581 1010 eius
592 956 639 1026 qui
650 956 780 1011 Celaenis
793 956 821 1009 in
835 957 903 1011 urbe
915 957 1054 1026 Phrygiae
1067 975 1132 1011 cum
1142 967 1217 1012 terra
1230 958 1260 1011 in
1271 975 1406 1026 magnum

252 1028 361 1082 hiatum
374 1038 402 1081 et
415 1044 504 1098 aquas
517 1027 633 1081 diducta
645 1037 728 1095 esset,
743 1044 815 1097 quae
828 1029 931 1082 multas
945 1028 1046 1082 domos
1059 1045 1124 1081 cum
1136 1028 1252 1082 familiis
1266 1030 1406 1095 obrueret,

252 1098 329 1152 iusso
341 1098 422 1153 Mida
431 1109 511 1167 patre
519 1115 569 1167 per
577 1099 721 1151 oraculum
729 1115 764 1151 eo
774 1098 885 1152 deicere
894 1099 970 1168 quod
980 1099 1053 1152 inter
1062 1099 1192 1153 homines
1202 1110 1279 1154 esset
1289 1099 1404 1152 maximi

251 1169 343 1237 pretii,
356 1186 429 1238 equo
448 1168 574 1222 insidens
593 1168 621 1222 in
641 1186 742 1222 cauum
762 1168 876 1237 insiluit,
890 1180 962 1224 teste
977 1169 1149 1224 Callisthene
1166 1187 1210 1239 ap.
1225 1171 1405 1239 Apostolium

254 1241 333 1293 Cent.
348 1239 364 1293 i.
381 1237 433 1309 58¹>
451 1240 582 1306 Leutsch,
599 1257 620 1293 s,
631 1257 657 1294 u.
671 1239 810 1310 Αῖγιστέοο
827 1238 939 1307 πίηδημα.
979 1243 1064 1294 Ηααο
1084 1241 1225 1295 Stobaeus
1244 1243 1319 1295 Flor.
1334 1255 1358 1307 7.
1372 1241 1406 1308 69

252 1320 280 1364 et
295 1311 461 1364 Plutarchus
476 1311 574 1364 Parall.
591 1322 604 1378 5
618 1311 781 1364 Anchurum
795 1320 906 1364 uocant.
1039 1314 1111 1364 445.
1130 1315 1169 1365 de
1182 1315 1332 1366 dentibus
1345 1316 1406 1365 orti

254 1381 355 1450 Sparti.
387 1383 461 1450 Hyg.
476 1382 523 1448 178
538 1381 661 1435 Cadmus
672 1386 747 1434 sorte
759 1382 859 1435 audita
873 1380 913 1448 (ut
927 1380 1061 1450 oppidum
1076 1383 1211 1437 conderet
1224 1382 1273 1436 ubi
1287 1382 1406 1436 iuuenca

252 1452 443 1519 decubuisset)
465 1469 528 1506 cum
552 1454 691 1521 imperata
710 1452 871 1521 perfecisset
890 1458 918 1505 et
937 1470 1041 1521 aquam
1066 1459 1218 1521 quaereret,
1241 1454 1283 1506 ad
1294 1455 1406 1523 fontem

254 1524 411 1577 Castalium
431 1525 517 1590 uenit,
534 1540 615 1592 quem
633 1523 717 1576 draco
733 1524 843 1576 Martis
853 1524 939 1593 filius
956 1525 1132 1579 custodiebat.
1168 1526 1222 1593 qui
1237 1541 1302 1577 cum
1321 1526 1407 1577 socios

254 1594 357 1647 Cadmi
378 1594 559 1665 interfecisset
579 1612 597 1646 a
620 1594 724 1648 Cadme
745 1594 840 1663 lapide
863 1600 904 1647 est
926 1595 1107 1664 interfectum·
1133 1595 1323 1663 dentesque
1347 1597 1407 1647 eius

252 1666 391 1718 Menenia
409 1669 583 1718 monstrante
604 1664 728 1733 sparsit
746 1670 774 1717 et
791 1667 897 1732 arauit,
916 1666 991 1719 unde
1008 1667 1131 1735 Spartae
1147 1671 1215 1718 sunt
1232 1667 1319 1720 enati.
1357 1666 1409 1735 qui

252 1738 329 1789 inter
338 1753 366 1789 se
373 1739 554 1806 magnarum,
567 1735 714 1804 exquibus
725 1737 849 1804 quinque
860 1737 1068 1806 superfuerunt.
1183 1739 1255 1790 446.
1275 1739 1407 1790 Sidonia

255 1807 380 1860 Cadmus
400 1805 525 1859 Phoenix
547 1805 619 1859 Cilix
637 1807 753 1874 Europa
773 1824 807 1859 ex
825 1808 957 1874 Agenore
981 1806 1040 1860 nati
1065 1804 1112 1877 qui
1135 1806 1264 1874 regnauit
1288 1807 1403 1861 Sidone.

251 1880 321 1945 441,
335 1881 362 1931 8.
382 1877 456 1931 Vide
470 1879 634 1930 Excursum.
705 1879 776 1930 449.
796 1881 912 1940 quibus
926 1877 1009 1932 uotis.
1047 1881 1160 1942 exiguo
1173 1881 1290 1931 libello.
1330 1878 1406 1931 Hinc

253 1949 287 2001 Ο.
309 1947 499 2002 Schneiderus
524 1947 646 2015 (Callim.
672 1945 698 2000 ii,
729 1962 756 2016 p.
782 1948 846 2014 278)
871 1947 977 2016 colligit
1003 1948 1208 2002 Callimachum
1235 1947 1310 2002 lbidi
1339 1965 1405 2001 suae

253 2018 383 2072 historias
396 2035 454 2071 non
467 2017 619 2071 intexuisse
631 2018 728 2086 quales
743 2018 862 2071 Ouidius
875 2036 926 2072 suo
942 2018 1059 2072 carmini
1075 2018 1241 2088 interposuit
1254 2036 1260 2085 ;
1279 2020 1406 2073 libellum

253 2089 329 2142 enim
350 2089 525 2157 epigramma
544 2105 601 2142 non
622 2088 707 2142 nimis
728 2105 863 2157 magnum
881 2089 974 2144 fuisse.
1048 2093 1163 2143 deuota
1183 2106 1201 2143 a
1220 2089 1405 2143 Callimacho.

252 2163 323 2214 450.
342 2165 482 2224 proiecta
499 2175 581 2231 aqua
598 2159 667 2212 Plin.
681 2159 737 2213 viii.
751 2173 784 2228 97
798 2160 856 2213 Ibis
868 2163 957 2213 rostri
969 2160 1131 2214 aduncitate
1143 2164 1202 2231 per
1214 2178 1276 2213 eam
1290 2165 1404 2230 partem

252 2248 281 2283 se
290 2231 423 2299 perluens
439 2248 496 2299 qua
508 2231 590 2283 reddi
603 2231 727 2283 ciborum
740 2247 825 2284 onera
842 2233 964 2284 mam'me
975 2232 1086 2285 salubre
1097 2237 1144 2285 est.
1185 2230 1251 2285 lsid.
1267 2230 1345 2300 Orig.
1360 2230 1403 2285 xii.

253 2313 277 2366 7.
292 2315 333 2368 33.
373 2300 511 2368 Georgius
531 2301 585 2354 Pis.
608 2302 744 2354 Hexaem.
762 2316 829 2354 1120
847 2305 897 2369 Τῆς
914 2303 965 2372 γὰρ
984 2301 1096 2355 κάτωθεν
1114 2301 1293 2373 ἐμφραγείαης
1312 2303 1404 2366 ἐξόδου

252 2371 437 2441 Ἀμηχανοῦσα
449 2376 503 2426 πῶς
514 2371 608 2438 ἀνοίξει
621 2372 667 2439 τὴν
679 2370 767 2440 θύραν,
780 2373 829 2425 Τὸν
841 2374 938 2440 μακρὸν
950 2372 1084 2426 ε’κπείνασα
1096 2374 1180 2438 λοξῶς
1192 2372 1288 2441 αὐχένα
1301 2373 1404 2442 Σίφωνα

252 2445 349 2513 γοργὸν
367 2440 505 2496 τεκτονεθει
524 2443 553 2496 rb
572 2444 665 2510 στόμα.
694 2444 742 2494 Καὶ
762 2444 844 2512 χυλὸν
861 2443 944 2511 ἅλμης
964 2442 1119 2510 ἐμβαλοῦσα
1137 2445 1192 2497 τοῖς
1209 2443 1263 2497 ἔσω
1283 2445 1320 2495 Τὰ
1340 2443 1404 2511 ξηρὰ

253 2512 389 2582 ῥευατροῖς
412 2513 594 2580 ἐξεφόρτωσεν
617 2513 693 2581 βάρη.
734 2513 935 2583 (Saluagnius.)
979 2514 1036 2568 Sed
1061 2531 1124 2567 cum
1151 2513 1319 2568 Callimachi
1347 2513 1404 2567 Ibis

253 2584 375 2654 perierit,
397 2583 534 2637 incertum
556 2594 599 2637 est
618 2601 686 2636 num
707 2584 780 2637 hanc
801 2584 824 2637 is
846 2584 1011 2639 foeditatem
1031 2583 1153 2638 uolucris
1173 2584 1329 2638 insectatus
1350 2584 1403 2638 sit:

170 2655 180 2659 ’
252 2672 345 2724 neque
358 2655 387 2708 id
400 2654 429 2708 in
440 2654 535 2709 Ouidii
549 2653 642 2708 uerbis
655 2654 735 2708 inest.
767 2657 843 2708 Nam
856 2673 960 2725 aquam
973 2655 1099 2725 proicere
1112 2672 1168 2724 qua
1180 2672 1282 2724 corpus
1295 2657 1405 2709 lauetur

253 2725 410 2779 munditiae
422 2735 473 2793 est,
488 2742 592 2795 aquam
611 2742 678 2779 uero
697 2725 809 2778 nonnisi
827 2743 926 2794 puram
945 2726 1006 2780 ibes
1024 2726 1121 2779 bibere
1136 2736 1256 2780 testatur
1268 2726 1404 2780 Aelianus

255 2799 292 2850 H.
306 2798 341 2851 A.
354 2794 399 2850 vii.
412 2808 454 2864 45.
576 2797 723 2850 4511110.
770 2796 930 2851 Scholiasta
949 2796 1016 2851 dicit
1039 2796 1240 2850 Menedemum
1260 2797 1404 2866 quendam

253 2868 341 2921 heroa
359 2867 513 2920 Troianum
531 2867 656 2936 pluribus
675 2866 770 2920 cultris
789 2866 827 2920 ibi
847 2867 1024 2922 interfectum
1042 2867 1148 2921 fuisse:
1170 2867 1255 2937 idque
1274 2884 1404 2921 narrasse

255 2937 466 2992 Callimachum.
509 2937 638 3006 Plerique
657 2948 721 3005 post
741 2937 898 2991 Domitium
918 2939 953 2992 de
973 2937 1048 2993 Osiri
1067 2939 1159 2991 locum
1179 2937 1338 3007 intelligunt
1357 2937 1403 3008 qui

253 3008 282 3062 in
301 3007 525 3078 quattuordecim
546 3010 629 3070 (Plut.
650 3008 686 3062 de
708 3007 774 3061 lsid.
799 3007 840 3075 18)
859 3010 904 3062 uel
925 3009 1024 3078 uiginti
1045 3026 1094 3063 sex
1113 3019 1208 3078 partes
1228 3026 1246 3062 a
1265 3010 1404 3077 Typhone

253 3079 411 3149 discerptus
435 3079 517 3133 fuerit
543 3078 639 3146 (Diod.
663 3078 680 3133 i.
703 3078 768 3146 21):
795 3079 845 3133 sed
870 3079 907 3133 ab
931 3080 1014 3134 huius
1039 3079 1126 3134 sacris
1151 3080 1254 3133 cultros
1280 3079 1404 3133 abfuisse

252 3159 397 3205 auctorem
421 3167 478 3207 non
503 3149 630 3217 afferunt,
655 3167 828 3220 quamquam
852 3150 881 3204 id
906 3168 973 3204 uero
997 3150 1116 3204 similius
1140 3150 1170 3204 fit
1195 3150 1272 3220 quod
1299 3167 1404 3204 nomen

253 3220 375 3275 Osiridis
395 3220 422 3275 in
443 3220 492 3275 tali
513 3239 543 3275 re
562 3222 685 3290 proferre
704 3220 811 3289 relligio
831 3220 891 3288 fuit,
911 3221 1172 3289 Hdt.ii.132,171.
1210 3223 1256 3274 An
1277 3223 1404 3290 Neopto·

251 3293 342 3346 lemus
367 3292 460 3361 potius
485 3291 658 3360 significatur
682 3309 766 3361 quem
789 3291 910 3361 Delphis
933 3302 1000 3346 ante
1022 3309 1101 3346 aram
1128 3290 1268 3360 Apollinis
1296 3292 1404 3345 sacrifi·

251 3373 364 3417 cantem
385 3363 504 3432 populus
528 3362 683 3432 Delphicus
703 3363 748 3416 uel
770 3363 902 3417 sacerdos
924 3364 1110 3417 Machaereus
1130 3361 1225 3416 cultris
1245 3361 1405 3416 interfecit?

253 3435 346 3487 Schol.
355 3433 443 3488 Pind.
458 3436 493 3487 N.
508 3432 552 3487 vii.
567 3434 600 3487 62
620 3433 689 3486 Φασὶ
701 3437 747 3486 τοῦ
760 3433 943 3502 Νεοπτολέμου
961 3432 1066 3488 θύοντος
1077 3433 1137 3488 τοὺς
1149 3432 1272 3501 Δελφοὺς
1283 3435 1405 3502 ἁρπάζειν

252 3504 284 3556 τὰ
297 3503 404 3571 θύματα,
414 3504 448 3558 ὣς
460 3505 518 3559 ἔθος
530 3504 623 3558 αὐτοῖς·
635 3505 679 3557 τὸν
692 3504 720 3557 δὲ
733 3506 915 3572 Νεοπτόλεμον
928 3502 1128 3572 δυσανασχέτως
1139 3504 1232 3572 ἔχοντα
1245 3503 1405 3557 διακωλύειν·

252 3574 343 3628 αὐτοὺς
363 3574 391 3626 δὲ
411 3573 604 3644 διαχρήσασθαι
623 3575 700 3628 αὐτὸν
719 3576 783 3643 ξίφη
804 3576 916 3644 ἔχοντας.
967 3576 1050 3629 Certe
1076 3574 1112 3628 ab
1138 3573 1243 3628 inferiis
1269 3573 1330 3628 eius
1357 3574 1403 3644 qui

252 3643 348 3697 cultris
361 3643 481 3713 perierat
491 3645 648 3714 (μαχαίραις)
659 3645 759 3700 merito
772 3646 947 3700 amouendus
960 3655 1019 3700 erat
1033 3647 1127 3700 culter.
1210 3647 1280 3699 452.
1294 3649 1404 3700 culter.

253 3714 419 3784 Spartianus
432 3715 487 3769 Vit.
500 3716 636 3771 Hadrian.
652 3731 682 3784 13
695 3719 737 3770 Et
748 3718 780 3769 in
792 3717 820 3770 Α
823 3717 905 3770 chata
917 3718 1028 3785 quedem
1041 3719 1126 3770 etiarn
1139 3715 1217 3769 illud
1225 3716 1404 3769 absentatum

242 3787 350 3856 ferunt
360 3786 437 3855 quod
451 3802 515 3839 cum
533 3789 564 3840 tn
580 3790 669 3840 sacrus
685 3788 773 3841 multi
786 3788 892 3841 cultros
908 3788 1041 3841 baberent
1057 3804 1121 3841 cum
1134 3787 1287 3840 Hadriano
1304 3788 1405 3841 nullus

251 3863 381 3910 armatus
401 3858 545 3927 ingressus
567 3864 614 3912 est.
653 3858 813 3912 Philostrat.
834 3858 890 3912 Vit.
911 3860 1042 3928 Apollon.
1063 3872 1114 3926 342
1138 3860 1215 3910 Οὔπω
1235 3857 1299 3925 ὑπὲρ
1321 3859 1405 3911 αὐτῶν

251 3929 342 3994 ἔθυσα,
352 3924 405 3981 οὐδ’
415 3928 447 3980 δν
459 3927 565 3995 θύσαιμι
577 3929 660 3996 οὐδὲν,
670 3927 724 3982 οὐδ’
734 3929 765 3981 ἂν
776 3929 873 3999 θίγοιμι
887 3930 960 3999 ίερῶν
972 3929 1001 3982 ἐν
1013 3925 1051 3983 οἶς
1063 3926 1133 3994 αἷμα,
1144 3925 1196 3980 οὐδ’
1205 3927 1236 3979 δν
1245 3927 1370 3996 εὐξαίμην
1379 3929 1405 3983 s’s

251 4001 407 4070 μάχαιραν
418 3998 524 4063 βλέπων
535 3997 550 4066 ἢ
563 4000 663 4054 θυσίαν.
737 4003 808 4054 453.
827 4004 992 4054 Attonitus
1004 4000 1097 4053 surore
1109 3998 1232 4068 percitus
1245 3997 1328 4052 ‘with
1342 4000 1405 4068 fury

250 4073 328 4140 rapt'
341 4073 373 4125 T.
379 4070 567 4125 Vnderdown.
636 4072 707 4123 454.
725 4074 805 4125 uilia
816 4075 958 4125 membra
971 4071 1013 4141 (F.
1025 4070 1061 4125 iv.
1072 4085 1132 4139 244,
1146 4069 1207 4123 Tib.
1219 4069 1235 4123 i.
1247 4083 1272 4134 4.
1284 4069 1340 4137 70),
1355 4087 1405 4139 per

250 4141 477 4211 euphemismum
498 4140 592 4211 posuit
612 4150 642 4196 ut
661 4141 831 4211 significaret
851 4143 960 4197 uz'rilea.
1006 4143 1083 4196 Lact.
1104 4160 1130 4195 v.
1154 4156 1181 4194 11
1205 4141 1237 4193 in
1261 4141 1405 4194 obscenam

245 4217 434 4284 prorumpere
445 4214 595 4267 uilitatem.
622 4212 704 4280 Galli,
715 4213 877 4267 sacerdotes
891 4213 1023 4283 Cybelae,
1034 4214 1101 4266 dum
1114 4211 1276 4265 uirilitatem
1289 4211 1344 4265 sibi
1359 4230 1404 4266 ex-

251 4294 357 4352 secant,
370 4288 449 4338 uilia
459 4288 602 4338 membra
613 4283 640 4338 h.
649 4301 673 4338 e.
687 4283 715 4336 in
729 4285 892 4354 contemptu
906 4301 936 4338 se
949 4284 1054 4337 habere
1067 4283 1252 4337 testabantur.
1292 4286 1404 4338 modos

250 4354 390 4409 tibiarum.
450 4358 520 4410 455.
539 4359 647 4419 Deque
659 4357 730 4408 uiro
742 4364 826 4408 exuta
838 4354 969 4408 uirilitate
983 4371 1055 4423 quae
1068 4353 1118 4408 tibi
1132 4353 1208 4422 prius
1221 4351 1279 4406 fuit.
1317 4356 1358 4408 M.
1368 4354 1404 4409 ix.

250 4437 303 4490 744
311 4430 434 4494 puerum
446 4427 480 4480 de
491 4428 611 4496 uirgine,
625 4427 659 4479 A.
673 4428 705 4479 A.
720 4424 747 4479 ii.
763 4426 813 4493 564
825 4427 869 4479 De
880 4427 949 4479 duce
961 4426 1085 4479 terribili
1089 4426 1191 4495 factus
1204 4431 1319 4477 amator
1333 4432 1403 4480 erat.

249 4511 308 4549 neu
319 4500 437 4551 femina
448 4514 506 4551 neu
517 4503 577 4551 uir.
610 4498 671 4551 Cat.
684 4495 749 4551 lxiii.
763 4510 796 4563 27
810 4496 896 4550 notbn
909 4497 1015 4550 mulier
1024 4497 1059 4565 69
1070 4512 1120 4566 ego
1133 4497 1189 4548 mei
1198 4499 1279 4565 pars,
1292 4513 1343 4567 ego
1357 4499 1408 4551 uir
