3038 4988
262 375 319 434 182
719 375 943 436 EXCVRSVS.

259 529 319 591 ἀπό
337 551 427 586 τινων
445 536 564 624 πετρῶν
579 531 624 602 rip
647 535 708 586 λῶν
724 533 834 588 ἑαυτὰς
851 532 953 603 ῥῖψαι.
990 529 1146 586 Ἀπόλλωνα
1163 531 1192 585 δὲ
1207 531 1250 585 διὰ
1267 530 1314 599 τὴν
1326 531 1409 585 οἰκειό-

258 622 322 674 τητα
339 602 385 670 τὴν
401 603 466 670 πρὸς
482 624 529 671 την
543 602 660 673 άδελφιμ
676 604 843 667 ὑπολαβόντα
860 605 906 658 τὰς
920 606 998 675 κόρας
1012 603 1048 659 εἶς
1059 605 1105 658 τὰς
1116 603 1145 656 ἒν
1157 601 1316 673 Χιῤῥανὴσῳ
1327 604 1410 657 πόλεις

259 675 429 741 καταστῆσαι·
448 675 490 728 καὶ
502 674 548 742 τὴν
559 676 606 744 μὲν
623 674 733 744 ὀνομαζο
754 674 812 743 ἔνην
823 674 957 745 Παρθένον
974 675 1003 727 ἐν
1021 674 1166 744 Βουβάστῳ
1185 675 1230 742 τῆς
1248 671 1410 743 Χερρονήσου

258 744 334 817 τιμὰς
346 745 416 815 ἔχειν
427 745 468 799 καὶ
480 743 592 813 τέμενος.
629 697 785 799 Μολπαόίαν
798 745 826 798 δὲ
839 747 874 800 είς
886 746 1027 810 Κάσταβον
1042 744 1174 798 ἐλθοῦσαν
1191 744 1233 797 διὰ
1249 746 1297 812 τὴν
1309 744 1363 830 dard
1370 746 1411 811 τῆς

260 818 328 904 Ormi
339 814 477 903 γινομένην
488 815 639 886 ἐπιφάνειαν
654 814 779 884 Ἡμιθέαν
794 815 944 885 ὠνομάσθαι
960 817 1001 871 καὶ
1017 814 1141 885 τιμᾶσθαι
1157 815 1228 885 παρὰ
1243 818 1312 869 πᾶσι
1323 836 1375 870 τοις
1386 815 1411 868 ἐν

258 890 424 1017 Χεένονπσῳ.

323 956 392 1011 tiam
409 957 485 1026 apud
502 956 685 1012 Parthenium
701 957 799 1012 Eroti
821 956 976 1012 Hemithea
991 968 1019 1012 et
1033 957 1134 1011 Rhoeo
1145 955 1285 1026 Staphyli,
1300 957 1410 1011 Baccho

258 1026 408 1096 progeniti,
431 1027 505 1083 filiae
527 1027 658 1082 dicuntur
679 1037 707 1082 et
728 1028 756 1082 in
779 1029 907 1083 Bubasto
928 1027 1028 1083 Cariae
1049 1028 1215 1093 habitasse;
1240 1044 1411 1097 quamquam

259 1108 355 1155 cetera
372 1114 429 1151 non
449 1108 615 1168 congruunt,
633 1115 698 1153 cum
719 1098 903 1154 Hemitheam
922 1109 1003 1169 pater
1017 1100 1107 1167 Lyrco
1126 1098 1206 1152 ebrio
1225 1098 1411 1153 concubinam

258 1168 364 1236 fecerit,
393 1168 485 1238 deque
513 1185 548 1223 eo
576 1169 727 1224 concubitu
758 1168 855 1224 inuida
882 1171 983 1224 Rhoeo
1010 1179 1157 1239 tamquam
1185 1168 1291 1223 sororis
1319 1168 1410 1222 riualis

259 1238 416 1297 inducatur.
455 1240 513 1294 Sed
528 1239 648 1294 diuersis
666 1239 759 1295 modis
774 1240 900 1294 fabulam
917 1250 1061 1295 narratam
1080 1240 1167 1294 fuisse
1186 1239 1248 1309 ipse
1268 1239 1411 1293 Diodorus
1483 1303 1486 1306 ⁴

258 1318 396 1368 testatur:
427 1310 509 1364 nobis
528 1311 698 1366 eliciendum
720 1312 864 1381 quomodo
883 1328 947 1365 eam
969 1311 1022 1365 sibi
1048 1311 1169 1381 scriptor
1191 1310 1280 1365 lbidis
1303 1327 1411 1380 reprae-

258 1380 384 1441 sentarit.
414 1383 491 1436 Nam
502 1381 686 1436 Hemitheam
699 1381 815 1450 intelligi
831 1381 967 1450 Lydiam
980 1382 1143 1451 uisginem
1157 1398 1191 1435 eo
1204 1381 1235 1437 fit
1248 1381 1308 1435 ueri
1323 1380 1411 1435 simile

259 1452 336 1524 quod
351 1452 542 1507 Leucotheam
555 1469 653 1506 uersus
672 1451 799 1521 proxime
812 1452 984 1507 antecedens
999 1453 1083 1520 (unus
1096 1453 1148 1521 498
1162 1451 1345 1521 interpositus
1358 1451 1410 1520 est)

259 1523 364 1583 hebet:
391 1524 554 1578 Leucothea
573 1533 669 1577 autern
688 1533 716 1577 et
737 1522 892 1577 Hemithea
910 1523 950 1577 ita
969 1522 1042 1577 inter
1060 1539 1091 1578 se
1111 1531 1298 1578 conectuntur
1316 1532 1347 1577 ut
1371 1522 1410 1575 in-

258 1594 370 1653 terdurn
395 1603 514 1664 utroque
535 1593 650 1648 nomine
672 1611 729 1648 una
751 1594 908 1662 denotetur,
934 1595 1010 1648 uelut
1031 1593 1119 1648 Tenis
1145 1610 1225 1647 soror
1251 1593 1352 1663 (Tzetz.
1375 1593 1419 1662 ad,

260 1666 326 1735 Lyc.
348 1679 408 1733 232,
432 1666 525 1719 Schol.
553 1665 584 1718 ll.
606 1664 623 1717 i.
649 1663 704 1732 38),
730 1664 880 1732 interdurn,
905 1665 982 1719 facta
1005 1664 1121 1719 alterius
1146 1663 1300 1733 mentione,
1325 1665 1410 1718 altera

258 1745 400 1805 sequatur,
425 1736 502 1790 uelut
527 1752 570 1805 ap.
599 1737 664 1803 Lyc.
690 1750 751 1803 229,
777 1750 835 1803 232¹
853 1735 901 1789 ubi
929 1745 994 1805 post
1023 1735 1171 1790 inductum
1202 1736 1409 1802 Palaemonem,

260 1806 438 1865 Leucotheae
455 1806 550 1874 fiIIum,
568 1805 702 1860 transitus
722 1807 752 1859 fit
772 1807 809 1859 ad
823 1807 922 1860 Tenen
937 1804 1185 1875 Hemitheamque.
1226 1806 1308 1859 Idem
1327 1805 1410 1859 etiam

258 1877 325 1933 alibi
343 1876 427 1931 fecit:
447 1876 488 1932 sic
505 1876 651 1945 aCrotopi
672 1875 729 1930 filio
748 1876 818 1930 Lino
837 1876 971 1930 transitus
991 1875 1021 1931 fit
1040 1876 1078 1930 ad
1096 1876 1200 1945 Oeagri
1215 1876 1409 1946 Calliopesque

257 1964 359 2005 nurum
378 1947 558 2016 Eurydicen:
586 1950 714 2016 Oeagrus
734 1958 829 2001 autem
850 1956 877 2001 et
898 1947 1025 2016 Calliope
1046 1946 1148 2001 Linum
1166 1957 1195 2001 et
1215 1948 1333 2016 Orphea
1349 1963 1408 2016 pro·
1494 1999 1499 2007 ,

257 2027 414 2089 genuerunt
429 2018 572 2087 (Apollod.
586 2017 602 2072 i.
616 2033 641 2086 3.
656 2018 691 2085 α).

293 2091 400 2148 Versus
415 2088 504 2143 Ibidis
516 2089 545 2142 hi
559 2100 624 2143 sunt

473 2159 554 2213 Lidia
572 2176 603 2213 se
623 2160 746 2228 scopulis
765 2169 794 2212 ut
814 2158 893 2228 uirgo
912 2158 988 2214 misit
1008 2160 1044 2213 ab
1063 2159 1128 2214 altis

508 2229 625 2285 Dixerat
639 2231 744 2285 inuicto
759 2230 870 2298 (inuito)
885 2247 957 2300 quae
969 2231 1045 2284 mala
1058 2231 1147 2285 uerba
1159 2231 1221 2284 deo.

258 2299 305 2363 Ad
318 2316 390 2370 quae
410 2301 504 2355 Schol.
520 2302 542 2354 C
561 2310 589 2355 et
608 2303 669 2355 Ask
687 2302 789 2355 atnoe
807 2303 936 2371 uirgines
953 2303 1080 2356 conuitio
1092 2301 1202 2355 Baccho
1216 2303 1373 2372 ingerentes
1384 2306 1410 2354 et

249 2372 360 2442 sestam
379 2373 440 2424 eius
452 2372 641 2442 profanantes
652 2373 774 2426 nimium
788 2376 874 2442 potae
885 2373 919 2425 de
930 2373 1052 2452 quodam
1065 2377 1157 2426 monte
1171 2374 1408 2442 praecipitarunt,

258 2447 293 2502 ut
310 2444 355 2496 ait
373 2443 496 2497 Gallus:
514 2442 589 2497 unde
610 2442 690 2513 quasi
710 2460 743 2497 ex
762 2442 841 2496 fumo
859 2442 982 2496 scintilla
1000 2443 1141 2512 quaedam
1161 2444 1295 2512 perlucet.
1334 2445 1408 2496 Nam

258 2512 335 2582 quod
360 2512 429 2566 dixit
454 2515 589 2582 uirgines,
614 2529 671 2567 non
696 2514 847 2584 uirginem,
871 2513 945 2567 bene
969 2513 1007 2566 ad
1033 2513 1218 2568 Hemitheam
1247 2523 1275 2568 et
1301 2530 1408 2567 sorores

257 2583 382 2638 referas:
402 2597 455 2638 nec
473 2584 548 2638 male
566 2585 672 2638 inuicto
690 2585 740 2638 cleo
758 2583 794 2637 de
813 2584 928 2637 Baccho
947 2581 1147 2652 interpreteris,
1166 2584 1201 2638 cf.
1220 2585 1288 2638 Eur.
1307 2584 1407 2638 Bacch.

257 2666 309 2723 975
330 2656 344 2706 ό
362 2652 472 2720 νικήσων
491 2653 514 2706 δ’
532 2654 583 2723 ἐγὼ
602 2655 652 2707 Καὶ
669 2657 779 2723 Βρόμιος
797 2653 881 2718 ἔσται,
896 2666 948 2720 777
966 2656 1093 2708 Διόνυσος
1113 2654 1206 2723 ἥσσων
1225 2654 1328 2709 οὐδενὸς
1348 2655 1409 2707 θεῶν

257 2727 318 2794 ἔφυ,
332 2724 459 2778 Macrob.
474 2723 490 2777 i.
508 2739 539 2792 19
547 2724 678 2795 plerique
689 2726 823 2778 Liberum
839 2742 902 2779 eum
915 2726 1014 2778 Marte
1028 2726 1213 2796 coniungunt,
1227 2741 1318 2779 unum
1330 2726 1409 2779 deum

256 2812 313 2849 esse
331 2800 538 2850 monstrantes:
556 2796 630 2848 unde
647 2795 776 2849 Bacchus
792 2793 925 2849 Ἐνυάλιος
942 2797 1183 2866 cognominatur.
1204 2837 1211 2851 .
1230 2836 1236 2850 .
1256 2812 1373 2850 necnon
1384 2800 1410 2848 et

256 2867 337 2920 calor
359 2867 430 2935 nini,
455 2868 537 2919 cuins
560 2867 646 2920 Liber
663 2870 749 2936 pater
772 2871 942 2933 auctorest,
971 2870 1052 2935 saepe
1075 2865 1200 2920 homines
1224 2867 1408 2937 adjurarem

257 2937 386 2991 lellz'cum
399 2953 486 3006 usque
493 2937 633 3008 propellit
646 2979 651 2992 .
666 2975 672 2990 .
687 2975 693 2989 .
707 2938 787 2991 Hinc
798 2939 883 2990 etiam
896 2938 983 2990 Liber
988 2941 1077 3008 pater
1086 2938 1222 2991 bellorum
1230 2940 1332 3009 potens
1344 2941 1409 3008 pro·

257 3009 349 3077 batur,
362 3009 440 3078 quod
448 3010 650 3078 cumprimum
661 3008 810 3062 ediderunt
820 3012 961 3061 auctorem
974 3008 1123 3077 triumphi.

174 3075 178 3092 ’
295 3080 357 3133 Iam
376 3079 491 3133 attende
505 3095 590 3148 quam
604 3080 700 3133 dextre
718 3077 873 3132 narrationi
888 3077 1007 3131 Diodori
1026 3083 1128 3147 po'e‘tae
1146 3078 1235 3132 uerba
1252 3095 1283 3133 se
1300 3095 1409 3133 accom-

257 3150 382 3204 modent.
421 3152 448 3203 N
452 3167 488 3203 on
502 3149 578 3204 enirn
591 3158 697 3204 temere
714 3166 750 3203 ne
766 3148 834 3202 illud
851 3148 965 3218 quidem
983 3148 1086 3203 accidit
1104 3148 1180 3219 quod
1198 3148 1294 3218 uirgo
1312 3150 1341 3203 in
1356 3151 1409 3202 hoc

257 3237 314 3275 uno
330 3238 414 3275 uersu
433 3220 522 3275 Ibidis
540 3219 743 3290 scriptumest
782 3218 852 3287 Quis
868 3219 944 3273 enim
962 3219 1071 3274 dubitet
1090 3219 1274 3278 Hemitheam
1292 3237 1310 3274 a
1327 3226 1409 3289 poeta

257 3292 430 3360 Parthenon,
449 3308 506 3345 non
528 3290 713 3360 Molpadiam,
733 3288 896 3358 designari?
937 3290 1015 3344 Sane
1038 3289 1182 3343 Diodorus
1201 3290 1287 3344 tradit
1309 3290 1409 3344 Hemi-

256 3363 340 3417 theae
353 3362 468 3417 nomine
483 3361 660 3431 Molpadiam
673 3359 827 3415 uocitatam
843 3360 929 3414 fuisse
941 3377 948 3427 3
967 3359 1108 3414 sedidem
1122 3359 1232 3414 addidit
1247 3362 1408 3415 Parthenon

257 3435 289 3486 in
308 3434 432 3487 Bubasto
453 3434 547 3486 lucum
570 3433 675 3486 habere
697 3441 725 3486 et
741 3433 833 3485 cultus
851 3430 980 3485 diuioos:
1009 3431 1085 3485 unde
1104 3431 1203 3485 credas
1225 3431 1409 3486 Hemitheam

257 3502 425 3557 Bubastiam
437 3503 544 3571 (Parth.
555 3505 633 3557 Erot.
645 3501 664 3571 i)
675 3502 762 3556 modo
775 3501 866 3570 huius,
880 3501 967 3555 modo
979 3501 1063 3555 huius
1076 3518 1227 3570 personam
1241 3503 1409 3572 suscepisse.

257 3574 342 3642 Quod
355 3573 479 3641 uirgines
493 3573 636 3627 Diodorus
653 3573 738 3627 tradit
757 3583 834 3626 metu
847 3571 997 3642 repertoris
1012 3571 1140 3641 Staphyli
1155 3589 1185 3625 se
1197 3573 1409 3642 praecipitasse,

256 3649 342 3714 poeta
360 3653 475 3712 propter
493 3643 604 3712 ingesta
626 3646 741 3698 Baccho
763 3642 900 3711 conuicia,
923 3642 1003 3697 uides
1023 3653 1117 3712 parua·
1134 3659 1197 3696 esse
1217 3643 1320 3712 quibus
1340 3661 1358 3698 a
1379 3661 1409 3696 se

256 3714 396 3782 differant,
407 3730 494 3767 unum
505 3714 581 3784 quod
594 3715 732 3769 ambobus
741 3713 777 3768 sit
790 3731 940 3768 commune
953 3713 982 3767 in
997 3731 1032 3767 eo
1046 3713 1115 3768 uerti
1129 3711 1233 3782 omnia,
1246 3723 1277 3768 ut
1287 3731 1409 3785 poenam

256 3783 400 3839 sororibus
413 3784 535 3838 intulerit
549 3784 573 3838 is
586 3802 604 3839 a
616 3802 672 3855 quo
685 3785 782 3839 uinum
795 3795 937 3853 repertum
949 3793 1001 3838 est.

294 3855 479 3910 Hemitheam
491 3857 613 3924 Lydiam
625 3872 729 3910 uocare
739 3855 843 3924 duplici
857 3855 943 3908 modo
956 3853 1056 3923 potuit,
1066 3853 1126 3909 siue
1137 3853 1213 3924 quod
1226 3853 1282 3907 hoc
1294 3852 1409 3907 nomine

257 3927 342 3982 urbes
359 3926 476 3981 Caricae
494 3944 709 3997 nonnumquam
728 3925 913 3995 designantur
931 3934 961 3979 ut
977 3926 1086 3979 Tralles
1105 3942 1150 3994 ap.
1171 3925 1270 3994 Steph.
1290 3925 1365 3993 Byz,
1381 3933 1409 3978 et

256 3999 333 4069 quod
352 3998 526 4053 Maeandrus
545 4008 693 4068 utramque
710 3997 856 4066 regionem
875 3996 1018 4065 Lydorum
1034 4012 1068 4049 ac
1086 3997 1191 4050 Carum
1210 3995 1332 4065 perfluit,
1350 3994 1409 4049 siue

256 4068 363 4124 Bacchi
382 4079 522 4139 respectu,
541 4068 620 4123 cuius
639 4070 740 4136 cultus,
757 4078 787 4121 ut
806 4067 906 4121 uitium
925 4066 1075 4136 repertoris
1095 4083 1128 4120 ac
1147 4065 1215 4133 uini,
1233 4065 1270 4119 ad
1290 4066 1409 4134 Lydiam

256 4141 370 4211 saepius
383 4142 509 4195 refertur.
543 4140 591 4194 Sic
605 4142 672 4194 Eur.
687 4142 770 4193 Bacc.
785 4153 815 4206 13
830 4138 959 4192 Bacchus
973 4137 1009 4191 de
1022 4154 1053 4191 se
1066 4137 1164 4191 dicens
1178 4139 1266 4191 Λιπὼυ
1279 4135 1307 4190 δὲ
1321 4135 1410 4189 Λυδῶν

253 4213 315 4267 τοὺς
334 4211 520 4282 πολυχρύσους
537 4210 608 4282 γύας,
632 4224 663 4280 55
685 4210 813 4264 Bacchas
835 4210 982 4278 alloquens
1003 4205 1087 4275 ’Λλλ’,
1106 4207 1126 4260 ὦ
1147 4209 1274 4261 λιποῦσαι
1293 4208 1409 4275 Τμῶλον,

254 4284 336 4352 ἔρυμα
354 4282 456 4349 Λυδίας,
470 4283 568 4336 θίασος
584 4283 653 4349 ἐμὸς,
665 4283 799 4352 γυναῖκες;
822 4280 863 4333 sic
876 4279 912 4333 de
931 4296 962 4333 se
981 4278 1049 4347 ipsis
1064 4279 1195 4332 Bacchae
1208 4277 1243 4345 64
1255 4277 1348 4333 Ἀσίας
1360 4277 1410 4332 άπὸ

254 4355 328 4424 γαίας
348 4351 429 4422 Ἱερὸν
449 4355 558 4421 Τμῶλον
577 4352 715 4422 ἀμείψασα
737 4351 819 4416 θοάζω
841 4351 943 4419 Βρομίῳ
964 4353 1044 4404 πόνον
1065 4348 1135 4417 ἡδύν,
1156 4349 1191 4403 cf.
1214 4362 1283 4418 1533
1310 4348 1352 4402 sic
1373 4349 1409 4403 de

256 4424 371 4478 Baccho
382 4425 525 4479 Pentheus
538 4424 611 4488 ξένος
623 4424 695 4491 rins,
704 4422 803 4477 ἐπωδὸς
815 4421 908 4476 Λυδίας
920 4420 971 4476 ἀπὸ
983 4419 1085 4490 χθονός.
1106 4420 1154 4474 Sic
1166 4419 1312 4489 Diogenes
1325 4419 1409 4487 tragi-

255 4511 304 4549 cus
324 4510 369 4563 ap.
383 4495 487 4549 Athen.
501 4494 554 4562 636
567 4493 644 4548 Κλῦω
664 4495 692 4548 δέ
705 4475 789 4547 haduis
802 4493 912 4562 Βακχιάς
924 4515 952 4546 τε
968 4491 1111 4561 παρθένους
1129 4490 1198 4545 dixit
1211 4509 1217 4558 ;
1246 4490 1287 4546 sic
1302 4491 1408 4545 Statius
