3038 4988
252 399 309 455 166
652 385 1001 449 COMMENTARIVS.

249 553 327 606 bant.
382 550 559 605 dmuleora
598 545 717 601 Palladii
736 554 765 601 et
783 543 930 616 ἀρχέτυπον
947 555 976 600 et
995 543 1090 614 imago
1109 545 1280 599 seruabatur
1297 543 1403 612 Troiae,

250 622 371 690 Dionys.
390 619 486 689 Antiq.
507 620 590 673 Rom.
608 616 625 671 i.
637 617 673 686 69
690 633 734 686 ap.
754 616 859 671 Kinkel
878 618 933 686 Ep.
951 618 1063 685 Fragm.
1083 632 1109 685 p.
1128 627 1169 685 so
1210 616 1269 672 Sed
1289 615 1403 670 Ouidius

250 694 323 748 solet
335 690 479 762 pluraliter
490 689 645 743 simulacra
657 704 763 758 ponere
775 687 824 742 ubi
840 704 929 741 unum
941 689 1051 742 tantum
1064 685 1238 755 intelligitur,
1253 688 1296 741 M.
1309 705 1335 740 x.
1347 687 1405 740 280.

250 767 318 818 618.
336 765 465 817 Aulidis
476 777 497 815 a
507 765 604 824 portu
615 758 781 814 struendum
794 775 859 812 cum
876 762 947 821 iter,
960 774 1017 812 non
1030 774 1095 812 cum
1107 760 1215 812 uertit.
1254 757 1341 826 ‘May
1352 773 1403 825 you

251 834 337 890 suffer
348 834 398 887 the
414 832 472 886 fate
487 831 520 885 of
531 832 580 884 the
592 829 719 884 ravisher
733 830 766 883 of
778 831 827 884 the
840 828 1007 897 Palladium,
1020 829 1083 881 who
1096 828 1200 882 turned
1212 826 1295 882 aside
1307 829 1354 882 the
1366 826 1404 880 ill·

251 903 420 960 considered
433 902 554 972 journey
565 901 637 955 from
650 899 738 953 Aulis’
751 900 890 954 harbour!
925 899 1045 954 Videtur
1060 908 1173 968 tempus
1193 898 1336 968 respicere
1370 914 1404 951 uo

250 972 458 1044 Agamemnoni
468 971 603 1026 inAulide
613 970 829 1040 tempestatibus
837 987 887 1039 per
895 969 1083 1024 iramDianae
1091 978 1282 1037 retent0,cum
1292 969 1358 1023 Calc

250 1046 339 1100 scelus
348 1044 458 1113 (cernae
466 1041 599 1110 uiolatae)
608 1042 1067 1111 respondissetaliterexpiarinan
1071 1038 1405 1110 passenen'lphegeniam

242 1117 342 1187 filiam
359 1113 530 1168 immolasset
544 1122 573 1167 et
591 1129 622 1165 re
638 1112 739 1165 audita
750 1112 948 1183 Agamemnon
964 1128 1093 1165 recusare
1108 1109 1262 1179 coepisset,
1275 1110 1405 1178 Vlysses

252 1202 326 1240 eum
339 1183 492 1238 consiliis
505 1183 546 1236 ad
562 1199 630 1236 rem
648 1180 795 1252 pulcram
811 1181 995 1250 transtulit,
1008 1191 1112 1236 etcum
1124 1181 1263 1235 Diomede
1281 1179 1404 1250 adehi·

246 1257 365 1327 geniam
377 1256 480 1307 messus
490 1259 532 1307 est
547 1253 745 1320 adducendam,
759 1256 812 1323 qui
821 1270 884 1307 cum
896 1254 937 1307 ad
947 1253 1198 1322 Clytaemnestram
1211 1257 1332 1305 nratrem
1350 1252 1406 1304 eius

252 1328 401 1392 uenissent,
419 1326 573 1378 ementitur
593 1325 700 1394 Vlysses
719 1341 780 1377 eam
798 1323 912 1378 Achilli
930 1325 961 1377 in
982 1324 1146 1393 coniugium
1164 1323 1236 1376 dari
1251 1322 1315 1391 (Hy
1334 1321 1405 1390 .98).

252 1401 323 1452 leue
340 1401 402 1451 iter
414 1405 457 1449 est
466 1393 690 1463 Agamemnonis
703 1403 731 1448 et
745 1395 919 1448 Graecorum
931 1410 966 1447 ex
977 1393 1089 1461 Aulide,
1102 1393 1180 1463 quod
1198 1339 1405 1447 inconsiberate

253 1467 393 1538 parabant
405 1467 498 1520 facere
511 1465 642 1519 obstante
656 1463 752 1519 Diana
764 1482 798 1519 ac
810 1464 1041 1535 tempestatibus:
1061 1463 1121 1518 Cic.
1135 1464 1171 1517 de
1184 1463 1275 1518 diuin.
1288 1463 1306 1518 i.
1323 1463 1361 1517 16.
1373 1476 1405 1530 29

251 1539 331 1609 quad
338 1537 430 1592 codem
443 1536 524 1590 modo
535 1537 629 1589 euenit
640 1536 870 1607 Agamemnoni:
891 1537 943 1604 qui
955 1552 1018 1589 cum
1030 1534 1142 1588 Achiui
1150 1535 1306 1605 coepissent
1319 1535 1406 1587 Inter

252 1626 327 1664 sese
341 1618 489 1677 strepere
502 1616 682 1676 aperteque
695 1616 800 1661 artem
813 1606 965 1660 obterere
978 1604 1186 1674 extispicum,
1201 1605 1343 1659 Soluere
1355 1603 1405 1656 im·

277 1689 348 1734 erat
367 1678 513 1733 secundo
531 1693 661 1732 rumore
680 1677 889 1746 aduersaque
907 1674 973 1731 aui.
1011 1677 1077 1730 Hoc
1096 1675 1149 1730 iter
1165 1676 1285 1745 Vlysses
1303 1678 1405 1742 uerht,

253 1697 312 1806 he.
325 1749 391 1805 fecit
403 1759 434 1803 ut
446 1749 483 1803 ab
496 1764 530 1802 eo
543 1756 750 1802 reuerterentur
761 1764 853 1817 neque
866 1756 932 1802 ante
944 1755 1115 1816 temptarent
1128 1762 1215 1816 quam
1228 1747 1343 1816 placata
1355 1745 1406 1799 dea

254 1830 338 1876 esset.
377 1822 441 1873 Nec
458 1829 565 1873 temere
583 1818 701 1886 Vlysses
720 1817 761 1872 sic
779 1817 928 1886 inducitur,
942 1834 1009 1871 nam
1028 1827 1056 1871 et
1075 1816 1104 1870 in
1122 1818 1177 1870 hoc
1195 1815 1313 1886 incepto
1331 1825 1360 1870 ut
1378 1815 1404 1868 in

255 1889 384 1947 Palladio
408 1888 528 1944 fruendo
552 1898 581 1944 et
605 1888 634 1942 in
659 1888 820 1943 Palamedis
845 1897 936 1942 morte
962 1905 1027 1942 cum
1053 1887 1195 1942 Diomede
1221 1886 1405 1956 coniungitur.

254 1979 274 2017 a
292 1967 396 2027 portu.
434 1959 560 2027 Hesych.
581 1959 608 2014 ie
626 1959 731 2014 Αὐλίδα·
756 1959 783 2015 ἐς
803 1958 903 2027 λιμένα.
940 1960 1006 2012 Sen.
1026 1958 1105 2013 Med.
1123 1959 1175 2012 622
1196 1958 1288 2011 Aulis
1312 1958 1409 2011 amissi

255 2049 363 2086 memor
371 2032 437 2086 inde
452 2032 527 2102 regz's
538 2030 681 2083 Portubus
694 2030 779 2084 lentis
791 2031 893 2084 retinet
903 2032 1017 2083 carinas
1032 2035 1109 2082 stare
1123 2035 1276 2098 querentes.
1312 2031 1407 2082 uerfit

254 2106 325 2158 iter.
358 2104 429 2156 Aen.
451 2120 477 2156 v.
500 2115 533 2155 22
557 2104 674 2170 superat
715 2102 831 2154 uoniam
852 2101 972 2166 fortuna
995 2116 1154 2169 sequamur,
1179 2100 1297 2169 Quoque
1321 2103 1406 2165 uocat,

256 2179 403 2227 uertamus
422 2173 484 2226 iter.
522 2171 586 2225 Tib.
602 2171 620 2225 i.
634 2185 658 2225 2.
672 2118 715 2237 ml
725 2171 872 2226 Fluminis
889 2170 956 2225 haec
972 2171 1075 2240 rapido
1091 2172 1218 2224 carmine
1237 2172 1329 2224 uertit
1347 2172 1405 2223 iter.

257 2246 328 2298 Met.
341 2242 369 2297 ii.
385 2255 438 2310 730
454 2244 545 2296 Vertit
561 2243 618 2295 iter
627 2243 755 2311 caeloque
758 2244 843 2366 6petit
859 2247 972 2295 terrena
987 2242 1093 2296 relicto.
1129 2242 1212 2296 Pont.
1225 2239 1259 2295 iv.
1274 2255 1300 2307 4
1315 2255 1350 2294 2ο
1360 2238 1410 2293 Ad

250 2319 350 2385 gentes
358 2313 433 2366 olias
444 2313 511 2366 hinc
517 2313 570 2366 dea
578 2315 666 2366 uertit
677 2315 739 2367 iter.
778 2313 829 2378 ,46
838 2313 913 2366 Ister
919 2313 956 2366 In
965 2317 1052 2382 caput
1059 2312 1178 2366 Euxino
1186 2312 1221 2365 dc
1232 2328 1314 2365 mare
1322 2314 1409 2364 uertet

255 2387 318 2440 iter.
356 2385 425 2438 Tac.
440 2383 515 2436 Hist.
529 2382 586 2437 iio
605 2385 698 2437 Fuere
720 2385 774 2453 qui
795 2400 938 2437 accensum
962 2384 1099 2437 desiden'o
1123 2383 1270 2436 Berenices
1296 2384 1408 2453 reginae

255 2456 373 2512 nemisse
390 2456 447 2509 iter
465 2453 613 2508 crederent.
652 2453 750 2509 lustin.
769 2454 841 2510 xxiv.
860 2455 878 2508 6
896 2453 1021 2524 Delphos
1037 2456 1095 2508 iter
1110 2454 1205 2507 uertet.
1243 2454 1290 2507 Ex
1309 2452 1406 2523 quibus

256 2535 375 2597 apparet
388 2531 496 2580 uertere
507 2526 564 2578 iter
580 2541 637 2579 non
655 2542 719 2580 esse
736 2524 754 2579 i.
764 2541 790 2594 q.
806 2524 858 2580 iter
873 2524 1001 2593 dirigere,
1015 2524 1067 2578 sed
1082 2533 1130 2578 aut
1146 2522 1258 2592 regredi
1271 2534 1321 2578 aut
1335 2532 1407 2577 certe

256 2597 309 2653 iter
328 2597 364 2652 ab
381 2595 437 2651 alia
457 2594 573 2665 regione
594 2594 623 2649 in
641 2595 727 2650 aliam
748 2605 866 2650 mutare.
902 2597 948 2649 An
970 2594 1063 2665 potius
1083 2593 1258 2664 significatur
1275 2595 1406 2661 Acamas,

257 2668 330 2722 filius
355 2665 469 2735 Thesei,
492 2665 578 2720 frater
603 2666 857 2736 Demophoontis?
888 2665 945 2720 Hic
971 2664 1047 2720 enim
1071 2675 1225 2735 antequam
1248 2665 1352 2720 Graeci
1375 2681 1407 2718 ex

256 2737 360 2792 Aulide
382 2739 503 2791 classem
525 2737 675 2805 soluerent,
694 2736 797 2791 missus
822 2746 865 2791 est
884 2736 1000 2790 Troiam
1020 2753 1085 2790 cum
1104 2735 1247 2790 Diomede
1267 2736 1407 2790 Helenam

256 2807 425 2878 repetiturus
448 2807 592 2877 (Parthen.
615 2809 692 2861 Erot.
712 2806 766 2876 xvi,
789 2809 879 2862 Tzetz.
901 2807 939 2862 ad
965 2809 1031 2877 Lyc.
1052 2819 1114 2874 447,
1132 2805 1206 2876 495),
1227 2805 1325 2876 ibique
1346 2822 1407 2860 cum

258 2878 384 2935 Laodice
408 2895 468 2933 rem
492 2877 598 2932 habuit.
641 2879 705 2947 Quo
730 2895 765 2933 ex
789 2877 888 2932 itinere
913 2894 978 2932 cum
1001 2877 1122 2932 redisset
1145 2877 1284 2947 ἄπρακτος,
1310 2876 1407 2932 merito

257 2949 395 3005 dicendus
415 2959 474 3003 erat
492 2952 570 3015 leue,
589 2949 650 3003 he.
669 2948 767 3003 inutile
784 2953 845 3004 iter
863 2953 1004 3004 uerbena.
1044 2950 1106 3002 Iam
1124 2946 1171 3002 hic
1190 2946 1267 3002 idem
1285 2949 1408 3002 Acamas

257 3038 323 3077 cum
336 3020 409 3075 inter
421 3037 470 3074 eos
483 3019 565 3073 fuerit
578 3018 625 3089 qui
639 3019 759 3074 Athenis
775 3019 881 3089 egressi
895 3022 1020 3075 Graecos
1033 3035 1098 3073 curn
1112 3017 1241 3073 Palladio
1258 3018 1408 3073 redeuntes

257 3091 345 3146 Troia
363 3090 455 3145 adorti
473 3099 539 3144 sunt
559 3090 700 3158 (Eustath.
724 3105 799 3159 1419.
819 3102 859 3161 55,
878 3106 963 3160 quem
982 3091 1075 3144 locum
1094 3088 1122 3143 in
1143 3091 1272 3143 Excursu
1291 3087 1408 3156 addidi),

257 3161 388 3232 quamuis
401 3161 431 3216 id
448 3160 552 3215 inuitus
569 3160 675 3229 fecerit,
688 3159 829 3215 uiolauit
848 3160 1026 3215 simulacra
1043 3159 1225 3215 Mineruae.
1258 3160 1348 3214 Illius
1364 3176 1408 3213 er·

257 3234 350 3304 empta
368 3231 508 3300 significat
526 3240 647 3286 mortem
667 3248 723 3301 qua
741 3233 865 3286 Acamas
883 3231 981 3301 periit3
1004 3248 1072 3285 nam
1093 3246 1158 3284 cum
1176 3240 1242 3300 post
1260 3231 1409 3300 deceptam

259 3302 419 3373 Phyllidem
427 3302 456 3356 in
466 3303 590 3371 Cyprum
599 3301 733 3370 uenisset,
741 3302 780 3355 ibi
791 3301 898 3357 incitati
909 3301 1104 3357 uehementius
1114 3300 1178 3370 equi
1187 3310 1268 3370 tergo
1278 3300 1409 3371 delapsus

257 3374 353 3444 gladio
366 3390 418 3428 suo
430 3372 603 3441 transfigitur
617 3372 717 3440 (Tzetz.
731 3373 769 3426 ad
782 3374 849 3442 Lyc.
862 3372 934 3442 495).
1006 3375 1071 3427 619.
1089 3374 1297 3436 Naupliades.
1332 3373 1409 3426 Pala·

257 3444 359 3512 medis,
373 3443 421 3498 filii
435 3443 560 3512 Nauplii.
598 3444 672 3512 Hyg.
690 3456 737 3512 105
757 3443 863 3513 Vlysses
878 3444 956 3514 quod
963 3444 1127 3497 Palamedis
1137 3442 1267 3512 Nauplii
1273 3443 1341 3512 filii
1349 3442 1410 3497 dolo

257 3521 322 3569 erat
329 3515 464 3583 deceptus,
473 3516 505 3566 in
513 3515 572 3568 dies
580 3514 803 3583 machinabatur,
813 3516 948 3584 quomodo
957 3531 1020 3569 eum
1029 3515 1203 3584 interficeret.
1215 3514 1332 3567 tandem
1341 3514 1410 3567 inito

257 3585 374 3640 consilio
392 3585 433 3637 ad
443 3584 683 3654 Agamemnonem
701 3585 819 3639 militem
837 3602 921 3639 suum
939 3587 1025 3654 misit,
1038 3587 1091 3654 qui
1105 3585 1208 3639 diceret
1223 3585 1258 3653 ei,
1270 3585 1303 3637 in
1322 3586 1411 3653 quiete

258 3656 372 3722 uidisse,
385 3659 419 3708 ut
429 3659 523 3707 castra
534 3671 592 3708 uno
603 3656 649 3709 die
660 3661 848 3711 mouerentur.
880 3658 915 3711 id
922 3657 1120 3728 Agamemnon
1132 3670 1233 3708 uerum
1245 3655 1410 3709 em'stimans

258 3732 353 3780 castra
366 3740 422 3777 uno
433 3724 479 3777 die
490 3725 613 3793 imperat
623 3728 738 3782 moueri.
781 3727 887 3796 Vlysses
900 3733 994 3781 autem
1006 3727 1078 3780 clam
1091 3731 1174 3779 noctu
1185 3725 1264 3778 salus
1275 3741 1410 3797 magnum

253 3797 370 3868 pondus
381 3796 457 3863 auri,
470 3795 520 3848 ubi
529 3795 741 3851 tabernaculum
753 3798 916 3852 Palamedis
924 3798 1034 3867 fuerat,
1048 3797 1162 3862 obruit;
1179 3797 1247 3850 item
1259 3796 1410 3866 epistulam

258 3869 445 3938 conscriptam
463 3865 578 3936 Phrygi
591 3869 704 3937 captiuo
722 3867 763 3922 ad
777 3869 928 3922 Priamum
946 3869 997 3922 dat
1012 3867 1221 3938 perferendum,
1240 3868 1411 3938 militemque

258 3956 343 3994 suum
350 3939 478 4009 priorem
491 3938 587 4005 mittit,
601 3940 653 4007 qui
662 3955 725 3992 eum
738 3955 795 3992 non
806 3939 888 4010 longe
900 3957 919 3992 a
930 3941 1031 3993 eastris
1042 3938 1215 4008 interficeret.
1241 3941 1357 4007 postero
1368 3938 1411 3992 dic

257 4028 321 4066 cum
339 4011 477 4064 exercitus
494 4009 525 4074 in
543 4015 637 4062 castra
654 4010 766 4077 rediret,
784 4011 901 4078 quidam
920 4010 1007 4078 miles,
1024 4010 1183 4079 epistulam,
1202 4025 1290 4078 quam
1307 4009 1411 4079 Vlysses

257 4083 418 4151 scripserat,
425 4080 897 4204 supercadauerPhlrpgippositam
905 4082 945 4136 ad
949 4081 1189 4205 Appememnonem
1199 4080 1308 4148 attulit,
1315 4081 1348 4133 in
1355 4096 1410 4149 qua

257 4151 485 4223 scriptumsuit:
502 4150 683 4204 PALAME
794 4151 959 4207 PRIAMO
1012 4151 1115 4219 ISSA,
1128 4154 1297 4219 tantumque
1307 4149 1414 4203 eiauri

253 4225 416 4294 pollicetur,
430 4227 569 4291 quantum
587 4221 693 4291 Vlysses
709 4222 741 4275 in
759 4222 938 4277 tabernaculo
956 4223 1094 4290 obruerat,
1109 4223 1139 4275 si
1153 4226 1247 4274 castra
1259 4221 1287 4275 A
1286 4237 1409 4292 ganum·

259 4296 343 4347 nonis
359 4299 392 4347 ut
408 4294 437 4347 ei
452 4297 620 4347 conuenerat
632 4293 771 4362 proderet.
808 4294 905 4363 itaque
916 4294 1082 4348 Palamedes
1098 4309 1162 4347 cum
1178 4292 1220 4345 ad
1234 4308 1326 4363 regem
1344 4293 1412 4345 esset

252 4365 412 4435 productus
423 4364 567 4433 etsactum
579 4368 702 4434 negaret,
715 4365 746 4417 in
758 4363 969 4420 tabemaculum
980 4366 1042 4418 eius
1052 4365 1150 4417 rerunt
1160 4368 1188 4416 et
1199 4379 1305 4416 aurum
1316 4362 1409 4432 effnde·

258 4440 336 4489 runt.
373 4435 451 4504 quod
463 4434 660 4505 Agamemnon
679 4439 713 4488 ut
729 4435 806 4488 uidet
823 4453 888 4489 uere
896 4438 1011 4507 factum
1029 4452 1086 4489 esse
1102 4434 1229 4489 credidit.
1265 4450 1321 4503 quo
1329 4433 1409 4502 facto

258 4504 424 4561 Palamedes
433 4505 498 4560 dolo
515 4506 619 4578 Vlyssis
629 4506 756 4577 deceptus
771 4506 806 4561 ab
821 4509 944 4564 exercitu
960 4508 1093 4563 um'uerso
1105 4507 1236 4562 innocens
1247 4506 1350 4560 acanus
1360 4506 1407 4558 est.
