3126 4980
216 343 255 400 88
713 336 894 399 SCHOLIA

214 495 293 573 capti
321 495 473 572 suspendit
500 495 536 554 in
562 495 684 555 arbore:
721 493 774 554 sed
814 495 932 554 inmane
952 493 1016 571 apri
1035 493 1109 554 fixit
1124 494 1159 552 in
1174 495 1304 567 arbore,
1321 494 1405 555 etin·
1498 504 1500 510 ’

215 578 284 654 quia
298 577 375 636 male
392 577 508 638 locutus
522 574 575 635 fuit
588 577 620 635 in
634 575 770 649 Dianam,
812 576 941 637 solenter
965 576 1088 636 locutus
1116 577 1152 636 in
1176 576 1324 636 Dianam
1351 578 1402 636 sub

214 659 264 718 illa
288 658 421 730 faciente,
444 658 549 718 cecidit
572 666 661 735 caput
684 676 772 736 super
812 654 916 718 eadem
927 658 1032 717 arbore
1047 659 1229 718 occubuit:
1251 659 1325 719 huie
1340 659 1402 717 dor·

216 751 320 818 pectus
335 741 397 801 eius
411 749 440 800 et
453 749 586 800 mortuus
599 749 652 799 est
697 739 735 801 G.
814 739 915 799 mienti
941 741 974 798 in
1003 749 1100 816 caput
1128 741 1249 800 incidit
1278 742 1402 819 impetus
1508 801 1510 821 ‚

815 830 844 880 et
858 838 925 879 eum
940 820 1055 881 occidit
1102 822 1147 880 P.

257 902 393 963 Driamas
409 903 469 962 siue
484 901 594 961 Thoon
609 901 689 980 apud
703 901 818 962 Italiam
839 903 986 962 ciuitatem
1006 912 1141 962 uenator
1155 902 1292 964 Dianae
1313 904 1401 963 male·

216 984 305 1045 dixit:
327 983 406 1044 unde
420 986 475 1044 sub
489 984 591 1043 arbore
606 985 754 1044 accubans
767 1002 786 1043 a
800 985 893 1061 capite
908 985 970 1061 apri
984 985 1076 1044 occisi
1092 986 1128 1042 in
1140 1004 1238 1044 ramo
1252 1003 1400 1064 suspenso

215 1075 245 1126 et
261 1084 350 1142 supra
363 1076 467 1142 pectus
480 1067 538 1125 aaa
551 1065 673 1142 delapso
687 1076 760 1125 nutu
773 1065 886 1126 Dianae
901 1075 946 1125 est
959 1083 1135 1143 oppressus
1183 1066 1299 1126 Mure.

260 1161 329 1222 507.
352 1146 431 1207 Siue
451 1146 542 1206 idem
562 1147 674 1206 simili.
716 1147 773 1208 Be·
855 1146 1027 1207 Berecintus
1044 1147 1148 1206 insula
1168 1159 1222 1208 est
1245 1150 1298 1209 uel
1314 1167 1400 1208 mons

217 1228 390 1288 recintiades
404 1229 446 1288 sic
468 1229 562 1287 dictus
576 1247 594 1287 a
609 1227 772 1289 Berecintio
813 1229 845 1288 in
866 1229 963 1306 Frigia
983 1228 1033 1288 ubi
1055 1229 1144 1288 Attin
1166 1240 1310 1290 uenator
1334 1232 1400 1307 quia

216 1321 318 1370 monte
333 1309 419 1371 simili
433 1320 526 1370 morte
541 1309 626 1370 simili
639 1309 676 1370 de
687 1311 773 1388 culpa
813 1311 971 1370 insolenter
988 1311 1105 1369 locutus
1121 1322 1169 1370 est
1189 1313 1226 1370 in
1243 1313 1399 1378 †Dianam

217 1392 330 1452 cecidit.
377 1390 413 1452 G.
817 1393 920 1452 eadem
933 1402 1027 1454 morte
1043 1393 1132 1469 periit
1150 1413 1218 1472 qua
1235 1405 1268 1454 et
1285 1395 1399 1455 Thoas.

259 1554 325 1614 Atis
338 1555 369 1614 in
383 1553 566 1631 Berecyntho
580 1566 689 1627 monte,
701 1556 750 1614 ubi
761 1556 887 1633 Cybeles
902 1574 984 1615 sacra
998 1555 1118 1626 fiebant,
1132 1574 1210 1629 cum
1227 1568 1398 1630 uenaretur,

217 1636 387 1697 lassitudine
413 1653 580 1712 oppressus,
604 1637 659 1696 sub
686 1638 759 1714 pinu
782 1655 921 1697 somnum
945 1639 1073 1714 capiens,
1095 1638 1183 1714 pinei
1210 1641 1305 1716 pomi
1328 1659 1397 1700 casu

219 1720 341 1778 obrutus
354 1728 407 1778 est.
452 1715 518 1778 cod.
534 1716 696 1795 Saluagnii.

263 1815 332 1875 509.
355 1798 389 1859 Si
406 1808 464 1858 tua
480 1800 675 1877 contigerit
718 1800 775 1860 Mi·
858 1800 1012 1860 Cretenses
1026 1819 1063 1860 ex
1078 1799 1179 1861 Sicilia
1194 1801 1321 1865 Minois
1335 1820 1397 1865 ossa

220 1899 278 1940 noe
293 1880 477 1940 interfectoa
491 1881 611 1953 Cocalo,
621 1880 777 1942 Cretenses
818 1882 973 1943 inferentes
1009 1880 1173 1960 Corcyram
1218 1895 1394 1945 uenerunt:

222 1963 259 2022 de
295 1962 391 2022 Sicilia
426 1980 495 2022 ossa
526 1964 588 2022 eius
619 1963 777 2023 referentes
818 1982 894 2041 quos
908 1963 1082 2040 fugauemnt
1094 1962 1263 2040 Corcyraei
1279 1979 1311 2027 et
1325 1985 1394 2027 ossa

222 2043 363 2104 Corcirae
396 2043 605 2121 applicuerunt
677 2044 776 2105 Corci-
819 2044 926 2104 Minois
967 2045 1158 2105 abstulerunt
1234 2050 1321 2108 unde
1361 2049 1392 2108 in

222 2126 280 2184 raei
299 2144 371 2185 uero
392 2142 445 2185 eos
466 2135 644 2186 uexauerunt
664 2136 693 2186 et
709 2145 778 2187 ossa
819 2126 907 2187 Creta
940 2124 1040 2205 (nocte
1070 2123 1112 2201 C)
1149 2137 1302 2190 statutum
1339 2131 1392 2192 suit

222 2205 426 2284 disperserunt
506 2226 595 2284 quare
642 2208 777 2285 quotiens
818 2208 899 2284 quod
937 2207 1112 2285 quicumque
1152 2209 1322 2288 Corcyraei
1360 2213 1392 2270 in

223 2287 372 2348 Corcimei
408 2287 526 2347 Cretam
562 2302 704 2350 uenerunt
739 2291 777 2349 ab
819 2290 937 2350 Cretam
959 2287 1079 2367 (Creten
1092 2287 1138 2369 C)
1159 2293 1305 2353 uenirent
1326 2311 1389 2353 sus-

223 2370 411 2431 Cretensibus
424 2371 639 2431 occidebantur.
685 2371 721 2432 G.
818 2371 1023 2513 fienderegtur,
1047 2367 1091 2454 [ut
1115 2373 1156 2433 ait
1181 2370 1389 2455 †Menestro.]

266 2549 334 2608 511.
363 2533 407 2592 Vt
435 2535 578 2610 sanguis
605 2534 743 2595 Aleuae.
801 2460 1059 2613 *Alsessac;,l).assus
1090 2543 1135 2595 est
1162 2537 1287 2599 ruinam
1315 2555 1387 2599 suae

224 2760 324 2819 arbore
341 2760 419 2814 Mure
471 2757 535 2828 eius]
555 2775 634 2813 suum
653 2761 732 2814 Mure
776 2760 876 2815 Eadem
894 2763 1003 2815 historia
1020 2764 1047 2814 in
1065 2762 1088 2814 C
1103 2761 1171 2815 Ast.
1191 2761 1294 2816 Thoas
1311 2762 1387 2832 apud

225 2828 360 2899 Caria(m)
375 2837 493 2884 uenator
511 2836 593 2899 caput
612 2832 702 2898 magni
720 2831 778 2899 apri
797 2847 881 2901 quem
899 2831 1076 2886 interfecerat
1092 2847 1176 2899 super
1193 2832 1329 2887 arborem
1344 2834 1386 2904 (·e

225 2900 304 2970 Ask.)
317 2902 408 2971 posuit
426 2900 578 2971 (suspendit
591 2898 670 2968 Ask.)
685 2907 714 2955 et
732 2903 883 2956 insolenter
901 2903 929 2955 in
948 2902 1064 2972 dyanam
1082 2902 1193 2956 locutus
1211 2904 1264 2956 sub
1285 2905 1386 2958 eadem

225 2973 324 3026 arbore
337 2971 472 3039 recubuit,
485 2972 587 3040 ubique
601 2972 705 3043 (ibique
718 2974 796 3041 Ask.)
809 2988 891 3041 super
903 2990 967 3028 eum
984 2973 1168 3026 dormientem
1181 2980 1268 3042 caput
1281 2975 1385 3028 cecidit

223 3051 255 3098 et
265 3043 377 3098 occidit.
405 3044 463 3098 God.
474 3044 613 3113 Salaagnii
624 3045 713 3098 habuit
740 3043 773 3096 In
781 3043 966 3111 Andragathia
979 3044 1090 3115 regione
1101 3050 1221 3097 uenator
1230 3048 1308 3102 κ.τ.λ.
1320 3047 1389 3115 quod

225 3136 257 3170 ex
268 3115 378 3169 Diodori
389 3115 472 3168 uerbis
485 3115 594 3184 κυνηγὸν
605 3113 634 3169 ἐν
649 3117 704 3170 τοῖς
716 3115 779 3168 κατὰ
791 3115 838 3183 τὴν
852 3115 931 3187 θήραν
943 3111 1156 3185 ἀνδραγαθήμασι
1168 3114 1387 3185 διωνομασμένον

227 3185 294 3241 male
309 3186 438 3240 intellectis
447 3185 558 3254 finxisse
570 3186 619 3238 sibi
630 3186 797 3240 scholiastam
809 3189 938 3256 perspexit
950 3186 1100 3240 Ehwatdus
1115 3197 1143 3254 p.
1157 3204 1190 3254 9,·
1214 3189 1321 3240 eundem
1338 3207 1386 3258 ego

224 3277 339 3313 errorem
356 3260 382 3311 in
396 3259 518 3310 Vaticano
535 3257 598 3326 Reg.
613 3259 679 3309 2061
698 3258 782 3310 inueni
795 3257 890 3310 Fuisse
908 3257 1003 3311 scribit
1019 3257 1093 3310 hunc
1106 3256 1248 3310 Diodorus
1269 3258 1298 3310 in
1315 3275 1386 3325 agro

227 3329 478 3382 Possidoniatarum
499 3329 527 3380 in
546 3328 658 3393 regione
677 3342 747 3396 quae
768 3327 869 3381 dicitur
886 3328 1067 3394 anchogathia
1173 3328 1278 3380 Mimm
1297 3341 1337 3383 est
1356 3330 1387 3384 de

226 3402 326 3467 regione
342 3418 424 3452 omnes
439 3417 542 3453 errasse
555 3408 663 3468 praeter
677 3417 754 3452 unum
769 3399 847 3453 Mure
853 3419 863 3467 ;
886 3419 949 3453 nam
961 3401 1095 3453 Posidonia
1112 3401 1165 3454 siue
1176 3402 1303 3453 Paestum
1320 3402 1387 3455 urbs

220 3470 280 3536 fuit
292 3470 420 3523 Italorum
432 3472 459 3522 in
473 3470 593 3535 Lucanis,
606 3481 634 3524 ut
645 3489 677 3522 ex
689 3470 801 3523 Diodoro
812 3472 877 3524 satis
889 3481 1005 3540 apparet.

265 3554 326 3603 507.
344 3538 604 3593 berechinciadesG
666 3538 853 3594 berinthiusG
915 3541 1054 3595 archonG
1116 3540 1253 3609 dynamG
1318 3543 1388 3608 quia

224 3615 259 3664 et
272 3610 294 3664 C
351 3609 434 3664 Paulo
446 3610 525 3662 aliter
536 3611 602 3663 Ari.
614 3611 689 3663 Aten
701 3610 770 3664 lilius
781 3611 899 3664 berentii
912 3611 940 3664 in
952 3611 1064 3681 phrygia
1072 3617 1190 3664 uenator
1202 3612 1268 3680 quia
1281 3617 1312 3665 et
1325 3613 1388 3679 ipse

229 3682 279 3734 ins.
297 3679 349 3736 loc.
368 3686 410 3734 est
429 3681 456 3732 in
475 3679 583 3732 dianam
602 3682 676 3736 κ.τ.λ.
716 3683 819 3736 Similia
836 3695 878 3752 ap.
891 3683 967 3737 Mure
982 3703 1003 3736 s.
1017 3701 1042 3737 n.
1060 3682 1138 3735 Athis
1155 3694 1179 3736 et
1194 3685 1222 3736 in
1239 3683 1271 3735 P.
1310 3684 1390 3752 Quod

229 3753 379 3819 Berecyntos
396 3753 423 3805 in
441 3752 481 3804 his
499 3750 584 3805 insula
600 3751 746 3806 dicitur'ad
760 3754 917 3823 Sangarium
927 3757 1046 3821 fortasse
1064 3756 1193 3821 refertur,·
1215 3754 1262 3807 sed
1279 3755 1388 3810 uidetur

228 3842 331 3880 errasse
342 3823 481 3877 scholiasta
493 3824 559 3892 quod
565 3824 643 3877 Attin
655 3824 685 3876 de
696 3825 787 3877 Diana
800 3824 868 3878 male
879 3826 999 3879 dicentem
1011 3825 1119 3881 induxit.

266 3911 326 3961 509.
349 3893 496 3948 cochireG
561 3893 681 3948 cochirei
696 3895 719 3948 G
731 3894 769 3948 bis
833 3895 1004 3949 circensesG
1066 3894 1172 3948 nunciis
1180 3907 1229 3964 pra
1241 3893 1391 3954 MinoisG

225 3983 289 4021 ossa
302 3967 384 4021 om.G
451 3965 576 4021 minasC
642 3966 751 4018 ueniret
764 3965 1009 4034 suspendereturG
1076 3972 1107 4019 ut
1120 3967 1159 4018 ait
1172 3965 1321 4019 Menestro
1334 3988 1388 4024 om.

226 4040 296 4095 Ask.
353 4035 509 4107 Menestro]
523 4038 678 4107 Memphro?
696 4055 732 4090 an
744 4037 892 4092 Menestor?
922 4038 1023 4092 Similia
1034 4051 1078 4108 ap.
1090 4038 1168 4092 Mare
1179 4056 1201 4091 s.
1214 4055 1240 4092 u.
1253 4037 1388 4095 Cretenses

224 4123 250 4168 et
262 4113 289 4164 in
301 4112 334 4164 P·

266 4197 326 4246 511.
346 4181 464 4235 Historia
472 4179 574 4248 ficticia
592 4197 669 4247 quam
685 4179 762 4248 pudet
779 4178 879 4232 scholiis
897 4179 995 4246 inferre
1037 4178 1101 4250 eius]
1115 4180 1201 4232 suaG
1244 4180 1267 4236 G
1277 4191 1303 4234 et
1316 4183 1388 4237 Ast.

229 4252 321 4306 habent
333 4252 433 4305 Lorios
449 4249 528 4304 alabe
542 4249 597 4303 filia
612 4249 720 4320 ,[alebes
732 4248 810 4319 Asi]
828 4265 892 4303 cum
911 4249 1014 4304 littoria
1032 4248 1155 4320 [licoride
1167 4248 1247 4319 Asi]
1261 4251 1319 4304 filia
1336 4268 1389 4308 sua

229 4324 296 4377 dum
312 4323 424 4376 domum
437 4322 553 4374 intraret
566 4322 650 4374 domo
662 4319 779 4374 cadente
790 4321 873 4388 periit
890 4327 919 4375 et
933 4320 1040 4392 [aliquis
1052 4321 1236 4391 prothegenes
1249 4337 1338 4390 quem
1351 4323 1389 4379 ad

229 4392 389 4447 conuiuium
398 4408 477 4447 suum
486 4387 657 4460 inuitauerat]
667 4391 731 4460 quia
739 4391 861 4446 eiusdem
871 4391 996 4448 fuitcum
1004 4393 1066 4448 uiro
1075 4390 1248 4448 aduersitatis
1258 4393 1389 4449 eiusdem

226 4463 333 4518 dicitur
344 4478 408 4520 cum
421 4480 455 4517 eo
468 4462 551 4516 fuisse
563 4462 785 4530 constellationis,
796 4464 841 4517 sed
851 4463 928 4519 uerba
941 4465 1230 4535 aliquis-inuitauerat
1240 4465 1340 4520 absunt
1353 4468 1390 4524 ab
