3038 4988
261 376 317 430 154
661 368 1009 431 COMMENTARIVS.

260 525 385 581 nominis
404 524 571 595 intelligunt.
609 525 684 579 Sane
703 524 775 579 duos
789 526 922 580 Achaeos
942 525 1045 580 Suidas
1063 533 1279 594 commemorat,
1293 523 1409 595 tragicos

261 608 395 666 utrosque
407 617 414 662 3
433 614 551 667 quorum
564 595 641 665 prior
652 597 779 666 aequalis
793 596 931 667 Euripidi,
944 598 1015 651 alter
1031 596 1173 651 recentior
1189 596 1260 650 fuit:
1280 596 1332 650 sed
1344 597 1409 649 nihil

261 669 298 722 de
316 670 417 721 horum
436 677 526 721 morte
545 677 664 722 constat.
703 667 775 721 Mihi
795 675 874 722 uates
889 667 1021 721 Achaeus
1039 667 1152 722 uidetur
1166 667 1315 722 Aristaeus
1333 684 1409 721 esse:

261 739 307 792 bic
324 736 400 792 enim
417 749 445 792 et
462 740 647 807 χρησμολόγος
659 736 762 792 dicitur
775 739 863 793 Clem.
878 739 982 793 Strom.
998 752 1047 804 144
1058 737 1086 793 S.
1100 748 1127 792 et
1141 738 1275 792 Achaeus
1290 754 1342 791 suo
1357 737 1410 791 iure

261 810 407 863 uocandus
426 819 494 874 erat,
507 819 537 862 ut
556 818 623 878 pote
641 809 796 863 Thessalus
815 808 921 876 (Schol.
938 811 993 879 Ap.
1011 810 1046 864 R.
1060 809 1075 863 i.
1094 822 1151 877 177,
1165 810 1227 876 284,
1247 808 1285 864 iii.
1300 821 1360 877 775,
1377 808 1410 862 iv.

264 881 352 950 1329),
366 889 394 934 et
407 890 505 933 contra
517 896 603 949 apum
616 896 726 933 morsus
741 879 948 949 operimentum
967 879 1112 950 quoddam
1131 880 1279 933 oculorum
1299 878 1410 933 inuenit

263 953 289 1004 N
294 968 358 1004 onn.
374 951 493 1018 Dionys.
506 969 532 1004 v.
546 965 597 1018 243
611 952 700 1004 Κεῖνος
712 949 774 1017 ἀνὴρ
791 951 884 1018 ε’νόησε
900 951 1070 1020 πολυτρὴτων
1084 951 1165 1020 στίχα
1177 950 1301 1018 σίμβλων
1313 952 1388 1015 uta(
1400 977 1411 987 -

261 1023 338 1090 μένης
350 1019 371 1073 δ’
385 1022 497 1087 ἔστησεν
508 1020 635 1090 ἔρημάδος
646 1021 710 1110 ἔργα
722 1021 860 1089 μελίσσης.
894 1035 945 1088 247
959 1023 1009 1074 Kui
1020 1021 1116 1075 λινέσις
1128 1022 1211 1091 ἀψῖσι
1223 1021 1411 1075 πολυπλέκτοιο

260 1096 368 1160 χιτῶνος
389 1094 451 1144 Γυῖα
474 1091 651 1160 περισφίγξας
675 1089 775 1160 ονῦχων
798 1091 849 1145 ἄπο
873 1092 950 1161 μέχρι
974 1097 1077 1160 κομάων
1098 1092 1195 1159 Φρικτὰ
1221 1091 1412 1160 κορυσσομένης

260 1162 430 1231 ἐφυλάσσετο
442 1161 532 1230 κέντρα
544 1162 682 1228 μελίσσης,
695 1161 772 1231 quod
784 1178 841 1215 non
854 1162 967 1217 fecisset
980 1161 1034 1217 nisi
1051 1179 1136 1231 apum
1155 1162 1271 1216 aculeos
1290 1161 1353 1231 ipse
1371 1180 1411 1215 ex·

259 1241 356 1303 pertus
369 1241 451 1286 esset.
490 1233 592 1301 Neque
604 1249 621 1286 a
634 1249 701 1286 uero
718 1232 850 1287 abhorret
867 1232 1028 1287 Aristaeum
1041 1250 1059 1287 a
1071 1233 1213 1287 nonnullis
1226 1232 1337 1287 dictum
1353 1248 1412 1286 esse

260 1303 301 1357 sic
320 1302 408 1356 oculis
427 1301 559 1369 caruisse,
577 1319 645 1356 nam
664 1303 820 1357 secundum
836 1305 907 1358 Plut.
921 1306 1015 1369 Amat.
1029 1303 1075 1357 xiv
1087 1306 1215 1373 Εὕχοντοι
1235 1301 1257 1355 δ’
1276 1300 1412 1374 Ἀρισταίῳ

261 1374 398 1428 δολοῦντες
416 1370 545 1443 ὀρύγμασι
564 1375 605 1426 καὶ
621 1375 731 1443 βρόχοις
751 1373 844 1428 λύκους
862 1376 904 1428 καὶ
924 1375 1041 1440 ἄρκτους,
1054 1372 1108 1429 Ὃς
1125 1379 1245 1442 πρῶτος
1264 1373 1413 1442 θήρεσσιν

260 1444 347 1509 ἔθηκε
368 1444 533 1512 ποδάγρας.
570 1445 663 1513 Apum
688 1444 805 1498 uulnera
829 1444 970 1499 interdum
991 1445 1101 1500 letifera
1121 1444 1208 1498 fuisse
1231 1445 1338 1498 docent
1359 1460 1411 1497 non

260 1517 352 1569 solum
370 1514 516 1568 Nicander
534 1515 617 1569 Ther.
632 1516 726 1583 805-9,
738 1516 827 1584 Anth.
842 1517 872 1570 P.
886 1515 920 1571 ix.
935 1531 995 1583 302,
1009 1525 1036 1570 et
1052 1517 1109 1584 548,
1127 1514 1280 1569 sedetiam
1293 1515 1411 1584 quaede

260 1585 396 1640 Rhauciis
408 1584 590 1640 Cretensibus
599 1603 632 1639 ex
640 1586 793 1640 Antenoris
802 1585 920 1641 Creticis
930 1586 1050 1656 sumpsit
1061 1584 1195 1641 Aelianus
1207 1587 1245 1639 H.
1256 1587 1291 1638 A.
1303 1585 1366 1639 xvii.
1373 1597 1412 1653 35.

259 1657 421 1711 Aristaeum
439 1673 507 1710 uero
525 1655 571 1708 hic
590 1655 740 1724 significari
760 1655 846 1710 etiam
865 1657 936 1711 haec
955 1657 1126 1726 persuadent
1146 1655 1184 1724 (1)
1198 1656 1275 1726 quod
1290 1674 1308 1710 a
1322 1657 1411 1724 Batto,

259 1727 303 1782 cui
317 1744 475 1796 cognomen
487 1727 622 1780 Anitaee
633 1725 693 1795 suit,
712 1727 847 1781 transitus
865 1727 906 1781 sic
925 1728 956 1781 fit
974 1727 1012 1782 ad
1031 1726 1230 1796 cognominem
1242 1727 1410 1793 Aristaeum,

260 1800 337 1852 uelut
350 1816 395 1851 uu.
409 1798 534 1866 457-460
545 1797 582 1850 ab
597 1797 778 1866 Hippomene
791 1798 926 1853 transitur
943 1799 981 1852 ad
996 1798 1216 1868 Hippomenem,
1229 1815 1277 1851 uu.
1293 1811 1307 1865 5
1312 1810 1378 1866 55-5
1383 1798 1411 1866 58

209 1876 211 1878 ’
238 1906 242 1915 ·
259 1879 316 1923 tres
331 1869 431 1923 Glauci
450 1878 564 1938 propter
582 1867 673 1922 simile
692 1885 796 1922 nomen
815 1869 898 1923 simul
917 1868 1094 1933 inducuntur,
1115 1869 1155 1936 (a)
1168 1868 1246 1938 quod
1264 1869 1362 1922 sabula
1379 1868 1411 1921 de

262 1943 372 2009 Cyrene
394 1939 509 2008 eiusque
531 1938 662 1993 Aristaeo
679 1938 736 1992 filio
755 1939 835 2008 quasi
854 1950 990 2008 perpetuo
1008 1940 1121 1993 uinculo
1140 1956 1204 1992 cum
1224 1940 1312 1993 Batto
1331 1949 1411 2008 atque

260 2011 320 2066 eius
342 2011 411 2064 urbe
429 2009 550 2079 Cyrenis
572 2011 711 2064 cohaeret.
749 2009 822 2064 Vide
844 2010 923 2064 Pind.
945 2013 974 2065 P.
994 2029 1021 2078 v,
1042 2010 1138 2064 lustin.
1158 2009 1215 2063 xiii.
1235 2022 1260 2075 7.
1275 2022 1354 2076 7-11,
1374 2007 1409 2077 (3)

261 2082 337 2151 quod
357 2082 394 2135 ab
406 2080 537 2134 Aristaeo
554 2097 611 2133 non
631 2090 737 2134 temere
755 2080 889 2134 transitur
906 2080 943 2134 ad
957 2081 1165 2135 Prometheum.
1203 2082 1282 2133 Nam
1300 2080 1410 2148 Hydro-

259 2153 366 2205 choeus
385 2151 445 2204 siue
464 2150 605 2220 Aquarius
623 2160 696 2205 teste
716 2151 810 2205 Schol.
830 2151 992 2205 Germanici
1010 2154 1088 2205 Arat.
1108 2169 1135 2221 p.
1154 2163 1185 2219 55
1206 2150 1328 2219 Breysig
1346 2167 1410 2203 non·

259 2222 343 2276 nullis
369 2221 499 2290 Pyrrhae
523 2221 597 2289 (544)
619 2222 737 2275 maritus
766 2221 932 2290 Deucalion,
957 2224 994 2276 ab
1021 2221 1144 2292 antiquis
1169 2221 1316 2275 Aristaeus
1342 2221 1410 2274 filius

263 2295 387 2360 Cyrenes
400 2291 564 2345 habebatur.
628 2295 699 2346 542.
716 2296 838 2357 spicula
850 2294 963 2347 aculeos
977 2304 1006 2347 ut
1018 2295 1128 2362 spicula
1140 2293 1310 2346 crabronum
1325 2294 1365 2346 M.
1378 2290 1409 2344 xi.

262 2375 321 2431 335.
353 2359 468 2416 condat
481 2362 573 2430 ‘bury'
585 2362 733 2431 ‘sbeathe,'
747 2366 787 2416 M.
800 2363 919 2432 xiii.458
932 2365 1032 2435 iugulo
1044 2364 1209 2433 uelpectore
1220 2363 1308 2417 telum
1324 2362 1411 2416 Cende

203 2478 209 2490 .
260 2450 328 2502 mee,
353 2433 400 2501 561
421 2433 526 2502 degr'tos
546 2434 577 2486 in
594 2435 706 2504 perfida
727 2435 838 2487 lumina
857 2435 957 2489 cendit.
1033 2438 1103 2488 543.
1122 2437 1264 2498 emporis
1282 2437 1409 2500 uiscera,

260 2503 413 2558 uulturium
431 2504 504 2557 feras
524 2503 678 2558 laniantem
698 2503 815 2558 uiscera.
900 2508 1112 2573 544.vteu1,
1132 2514 1163 2558 ut
1181 2504 1206 2558 is
1228 2504 1275 2574 qui
1299 2506 1410 2558 fratrem

259 2575 359 2629 habuit
380 2573 536 2644 genitorem
558 2576 696 2643 Pyrrhae;
721 2575 823 2644 quibus
848 2575 1016 2645 ambagibus
1040 2576 1176 2629 αἰνίττεται
1201 2574 1409 2644 Epimetheum‚

258 2647 373 2700 fratrem
393 2644 561 2699 Promethei.
600 2647 677 2699 Nam
689 2663 725 2698 ex
734 2646 832 2716 Iapeto
849 2653 877 2701 et
896 2648 1024 2716 Clymene
1040 2647 1128 2700 Atlas
1146 2646 1332 2716 Epimetheus
1344 2647 1410 2698 Pro-

259 2717 383 2771 metheus
396 2716 484 2784 (Hyg.
499 2715 609 2783 Praei),
623 2716 737 2785 Pyrrha
749 2717 984 2787 Epr'rnetlreifilia
997 2719 1085 2786 (Hyg.
1102 2717 1171 2785 155).
1280 2720 1351 2771 545.
1368 2720 1410 2770 vt

259 2803 342 2853 puer
372 2789 571 2851 Harpagides
601 2786 673 2841 filius
706 2788 843 2869 Harpagi.
892 2788 1070 2858 ‘Harpagus,
1101 2804 1118 2841 a
1142 2804 1199 2857 quo
1231 2786 1409 2856 Harpagides

259 2857 486 2941 patronymicum
504 2856 630 2925 trahitur,
649 2857 700 2912 suit
718 2875 826 2912 amicus
844 2858 978 2928 Astyagis
1002 2859 1153 2913 Medorum
1174 2857 1271 2926 regis;
1299 2857 1343 2911 cui
1365 2875 1409 2912 rex

260 2940 356 2997 iratus,
375 2929 451 2998 quod
472 2930 576 2997 Cyrum
595 2946 629 2982 ex
648 2928 705 2983 filia
723 2937 857 2998 nepotem
877 2929 973 2984 uiuere
995 2928 1187 2999 comperisset,
1207 2945 1293 3001 quem
1314 2928 1362 2997 illi,
1381 2937 1409 2982 ut

259 3001 317 3055 fido
336 3010 364 3055 et
382 3015 548 3053 arcanorum
567 2998 697 3068 participi
715 2999 875 3053 necandum
894 3000 1057 3068 tradiderat,
1075 2999 1219 3069 proprium
1239 2999 1327 3052 filium
1346 3016 1408 3068 epu·

260 3072 377 3126 landum
389 3070 537 3139 apposuit)
573 3070 739 3124 Laurentius
752 3070 925 3139 Abstemius‚
939 3071 986 3141 qui
1004 3070 1110 3141 primus
1127 3071 1221 3124 locum
1238 3078 1316 3124 recte
1328 3069 1409 3123 inter·

201 3194 203 3196 .
260 3151 451 3212 pretatusest.
488 3142 562 3195 Rem
574 3151 689 3194 narrant
704 3141 867 3195 Herodotus
880 3141 898 3196 i.
912 3155 1039 3210 117-119,
1055 3141 1178 3195 lustinus
1192 3141 1210 3193 i.
1223 3153 1246 3209 5.
1295 3143 1409 3194 referas

260 3216 405 3279 exemplo.
428 3215 589 3280 Thyestae,
614 3221 643 3265 et
664 3213 807 3280 Thyestae
832 3221 860 3266 et
887 3214 1023 3282 Harpago
1048 3211 1179 3281 apposita
1203 3220 1269 3266 sunt
1295 3226 1409 3280 corpora

260 3285 380 3338 filiorum
402 3293 513 3353 praeter
532 3291 616 3351 caput
637 3282 725 3351 pedes
747 3299 848 3336 manus
870 3283 985 3352 (Aesch.
1005 3285 1058 3352 Ag.
1080 3295 1155 3352 1594,
1180 3282 1288 3338 Herod.
1308 3281 1325 3336 i.
1342 3280 1407 3350 119).

260 3358 330 3411 546.
348 3359 472 3408 uiscera
488 3357 597 3419 patris.
635 3355 687 3421 Ag.
705 3366 770 3422 1097
783 3353 880 3407 Ὀστάς
891 3375 919 3407 τε
932 3355 1029 3422 σάρκας
1045 3355 1109 3421 πρὸς
1125 3353 1221 3422 πατρὸς
1236 3352 1408 3422 βεβρωμένας.

260 3429 327 3481 547.
347 3429 479 3491 Trunca
493 3442 532 3478 sc.
544 3424 681 3478 membra.
738 3427 902 3492 mutilatis,
916 3424 1042 3478 ‘hacked
1054 3423 1083 3477 in
1095 3423 1207 3493 pisces!
1266 3427 1409 3488 partibus

260 3496 328 3566 quid
341 3496 377 3549 sit
387 3495 470 3548 docet
482 3497 521 3548 M.
531 3494 585 3547 xiv.
594 3494 625 3547 61
636 3496 735 3564 perine
743 3512 800 3547 non
812 3496 926 3550 credens
936 3497 1061 3565 corpores
1072 3496 1140 3549 illas
1148 3495 1220 3547 Esse
1228 3497 1278 3548 sui
1288 3503 1408 3564 partes,

258 3567 294 3631 64
312 3567 355 3619 Et
371 3568 472 3645 corpus
489 3581 628 3649 quaerens·
636 3564 781 3648 firmorum
798 3583 970 3635 cmmmque
983 3566 1142 3635 pedumque
1162 3566 1306 3619 Cerbereos
1324 3566 1409 3619 rictus

255 3635 1408 3776 tlt?titillttzl‘tllltitlhstlattaria?..tellam

260 3778 360 3832 nermi.
380 3778 466 3829 Hunc
477 3778 648 3829 Mamertam
658 3778 780 3831 eundem
790 3779 882 3833 habeo
892 3778 939 3848 qui
950 3781 1111 3833 Mamercus
1121 3794 1139 3831 a
1149 3777 1301 3831 Plutarcho
1310 3776 1408 3830 Timol.

145 3866 148 3867 ⁷
248 3848 316 3919 lxiii,
338 3845 409 3916 xxxi,
430 3846 520 3914 xxxiv,
542 3845 627 3900 Diod.
646 3847 698 3902 xvi.
718 3848 761 3917 69,
785 3850 867 3903 Corn.
892 3851 965 3919 Nep.
989 3849 1062 3903 Tim.
1079 3847 1107 3915 ii,
1129 3865 1147 3901 a
1169 3849 1314 3916 Polyaeno
1332 3866 1359 3901 v.
1379 3860 1408 3899 12

262 3919 417 3974 Milarchus
442 3916 550 3972 dicitur.
598 3917 663 3973 Fuit
687 3928 822 3987 tyrannus
848 3918 1060 3988 Catanensium,
1085 3929 1113 3973 et
1138 3934 1203 3972 cum
1227 3918 1291 3972 aliis
1316 3917 1408 3971 Timo·

259 3994 382 4046 leontem
402 3998 619 4058 aggressusest,
638 4006 703 4043 mox
722 3990 758 4043 ab
772 4006 806 4044 eo
824 3989 916 4045 uictus
935 3991 972 4045 ad
990 3991 1095 4044 flumen
1111 3989 1236 4043 Abolum
1256 3987 1409 4042 Lucaniam

258 4080 324 4117 cum
345 4063 436 4116 classe
454 4060 648 4115 aduehebatur
668 4070 698 4115 ut
718 4060 785 4114 inde
806 4060 909 4115 auxilia
930 4071 1095 4131 asportaret,
1115 4077 1179 4114 cum
1197 4059 1345 4114 retroactis
1364 4058 1409 4114 tri·

258 4133 382 4188 remibus
405 4131 452 4202 qui
472 4148 537 4186 cum
556 4148 591 4185 eo
613 4140 692 4186 erant
714 4130 743 4184 in
769 4130 894 4186 Siciliam
914 4142 1091 4187 reuertuntur
1109 4140 1137 4185 et
1157 4133 1296 4185 Catanam
1316 4130 1410 4184 Timo·

259 4204 346 4258 leonti
370 4203 501 4273 produnt.
539 4204 702 4256 Mamercus
728 4204 880 4257 Messenen
906 4202 943 4256 ad
967 4203 1140 4273 Hipponem,
1167 4201 1228 4255 eius
1250 4211 1408 4269 tyrannum,
1443 4238 1444 4242 ,

259 4274 404 4343 confugit:
432 4290 488 4343 quo
510 4283 594 4342 capto
616 4283 643 4326 et
665 4289 716 4342 per
739 4282 881 4327 tormenta
905 4272 1074 4342 interempto
1099 4273 1160 4341 ipse
1185 4289 1216 4326 se
1238 4269 1407 4325 Timoleonti

258 4345 383 4400 tradidit.
428 4344 473 4398 Ab
498 4345 553 4398 hoc
577 4343 681 4397 missus
707 4344 870 4412 Syracusas,
895 4343 923 4397 in
948 4346 1060 4399 theatro
1083 4353 1202 4398 conatus
1226 4360 1258 4397 se
1282 4341 1408 4396 oratione

259 4416 419 4483 defendere,
442 4432 506 4468 cum
530 4414 647 4483 strepitu
672 4414 846 4469 audientium
871 4415 1053 4485 exciperetur,
1079 4414 1152 4468 illiso
1176 4413 1269 4483 capite
1294 4413 1323 4466 in
1345 4411 1407 4465 sub-

259 4486 369 4540 sellium
383 4496 502 4540 mortem
516 4485 569 4540 sibi
583 4485 728 4553 inserebat,
739 4486 791 4540 sed
802 4484 884 4539 uiuus
897 4487 1036 4541 abductus
1046 4485 1155 4556 piratae
1164 4502 1243 4540 more
1256 4483 1406 4540 exstinctus
