3038 4988
556 394 905 456 COMMENTARIVS.
1250 398 1307 453 123

154 562 244 608 morte
258 553 309 607 sed
324 553 419 622 palam
438 559 563 620 necatos,
577 551 796 619 Secundianum‚
810 551 924 606 Arsiten
942 568 1006 605 cum
1019 550 1166 620 Artyphi0‚
1181 549 1307 604 Pissuth·

153 643 210 680 nen
225 626 312 693 (Pers.
327 625 427 690 48,1,5
442 593 1306 711 5)0105111111111111111001111111τὴνσποδονεμβαλειν
1396 676 1408 681 ,

155 696 290 750 Stmlhter
302 712 346 763 ap
363 663 509 748 Her’odin
528 709 578 747 100
597 693 764 747 Nitocris’
736 715 813 760 αυτην
826 716 868 757 μιν
880 692 984 774 ριψαι
971 715 997 747 ες
1010 715 1101 761 οικημα
1115 692 1309 746 σποδοῦπλέον

154 777 182 820 et
204 767 233 820 in
255 766 327 818 libro
346 764 617 818 Maccahaeorum''
600 782 626 818 11.
649 780 687 831 13
708 776 721 832 5
743 763 918 846 Menelaus
911 781 939 817 in
958 774 1062 818 turrem
1082 765 1195 832 plenam
1214 761 1307 817 cinere

154 837 298 891 coniectus
321 834 429 888 dicitur.
477 838 612 889 Secundi
640 835 730 889 Nothi
751 835 811 889 siue
835 834 916 890 Ochi.
1049 839 1114 890 316.
1142 837 1308 888 subsidens

153 907 273 963 fortasse
297 905 494 975 explicandum
519 924 553 959 ex
579 906 700 960 Maec
693 906 719 960 11
746 921 784 974 13.
809 919 821 974 5
843 903 924 959 ’Ἔστι
950 905 1016 959 δὲ’
1002 927 1030 996 ep
1053 908 1088 976 τῷ
1113 908 1184 976 τόπῳ
1210 903 1323 974 πύργος.

153 999 309 1066 πεντηκοντα
336 981 426 1045 πηχῶν
446 976 546 1066 πλήρης
570 978 680 1030 σποδοῦ.
718 976 792 1031 οὗτος
816 975 883 1030 bi*
868 999 978 1067 οργανον
1002 972 1057 1066 εἶχε
1074 957 1226 1066 περιφερὲς
1246 975 1308 1028 πάν·

154 1049 229 1101 ποθεν
252 1046 460 1115 ἀπόκρημνον
437 1068 473 1102 εις
497 1047 542 1114 τὴν
567 1046 673 1101 σποδόν.
712 1045 837 1101 Ενταῦθα
860 1050 906 1101 τὸν
927 1044 1112 1114 ἱεροσυλιας”
1097 1067 1188 1116 ενοχον
1211 1067 1272 1098 οντα
1293 1043 1308 1112 ἢ

154 1120 195 1172 καὶ
208 1140 283 1171 τινων
295 1117 407 1170 ἄλλων(
395 1117 524 1186 υπεροχὴν
535 1117 705 1184 πεποιημένον
717 1119 826 1173 ἅπαντες
837 1118 1022 1187 προσωθοῦσιν
1034 1118 1069 1172 εἷς
1081 1115 1196 1187 ὄλεθρον.
1237 1117 1309 1169 Cum

154 1206 219 1243 reus
242 1187 270 1241 in
290 1188 397 1241 cineres
415 1187 541 1241 deiectus
560 1197 643 1255 esset,
663 1189 794 1242 machina
811 1189 935 1270 quadam
953 1188 982 1241 hi
1004 1188 1197 1254 uersabantur‚
1217 1187 1309 1240 donec

155 1259 302 1313 subsident
304 1259 366 1312 ibus
384 1258 431 1327 qui
454 1257 556 1312 summi
578 1259 726 1327 fuerant,
720 1277 780 1328 1pse
802 1259 888 1313 etiam
907 1261 989 1313 obrut
978 1268 1023 1313 tus
1041 1267 1068 1312 et
1088 1259 1241 1312 suffocatus
1256 1267 1307 1311 est

154 1330 244 1383 Viuos
259 1330 304 1382 uel
323 1328 468 1382 calidos
445 1345 553 1383 cineres
571 1329 657 1384 fuisse
674 1331 815 1384 censetC
832 1332 860 1383 L.
876 1330 987 1383 Grimm
1005 1330 1042 1383 ad
1060 1331 1112 1382 loc.
1178 1332 1309 1383 deuoret

155 1411 253 1469 utpote
275 1399 435 1453 minutatim
457 1410 633 1469 consumpta,
653 1400 763 1454 sidente
782 1400 917 1468 paulatim
937 1418 1001 1454 cum
1024 1400 1163 1453 cineribus
1183 1416 1308 1468 corpore.

155 1470 605 1526 817.011uiferastat..'Theb
598 1489 632 1524 ιν
649 1484 682 1539 50
699 1472 846 1541 olzutserae
864 1473 993 1541 Sicyonis
1013 1471 1104 1525 Culta.
1167 1473 1309 1534 sicyone

155 1544 295 1606 profecto
315 1541 408 1594 Schol
430 1542 568 1594 Neoclem
586 1541 654 1596 dicit
668 1559 753 1611 quem
770 1542 891 1595 eundem
908 1559 942 1595 ac
959 1542 1106 1595 Nicoclem
1119 1540 1205 1594 fuisse
1223 1540 1310 1609 liquet

76 1666 79 1674 ,
155 1629 190 1665 ex
215 1611 304 1666 Suida
328 1629 350 1664 s.
363 1629 389 1665 u.
415 1612 580 1680 Φιλοποίμην
634 1612 689 1666 Hic
714 1630 778 1665 cum
805 1612 934 1680 Sicyonis
959 1611 1138 1680 tyrannidem
1163 1611 1309 1664 interfecto

157 1684 249 1737 Pasea
264 1692 438 1752 occupasset,
459 1683 495 1735 ab
514 1684 602 1737 Arato
623 1693 737 1736 coactus
756 1694 799 1736 est
818 1700 868 1752 per
886 1682 1030 1737 cuniculos
1049 1700 1083 1736 ex
1100 1683 1168 1735 urbe
1187 1681 1310 1749 effugere

157 1765 213 1812 110.
235 1765 319 1822 252-1
346 1753 497 1820 (Freeman
517 1752 592 1808 Hist.
612 1754 645 1807 of
660 1754 779 1807 Federal
799 1755 991 1808 Government
1013 1770 1039 1822 p.
1060 1753 1120 1821 360,
1140 1753 1211 1806 Plut.
1231 1753 1308 1805 Arat.

157 1824 228 1892 31)).
268 1825 340 1877 Cum
359 1840 426 1904 uero
444 1823 514 1876 nihil
533 1823 569 1877 de
590 1823 672 1877 huius
697 1835 788 1879 morte
812 1825 906 1878 tradat
929 1825 1104 1891 Plutarchus,
1127 1822 1178 1876 secl
1200 1832 1309 1876 tanturn

157 1893 305 1948 domurn
299 1893 387 1962 ipsius
412 1893 566 1962 incensam,
591 1903 773 1963 tyrannorum
798 1913 843 1948 res
868 1895 896 1948 in
919 1912 1069 1948 commune
1097 1892 1225 1961 cessisse,
1250 1909 1311 1946 sus-

156 1965 236 2036 picor
261 1964 474 2045 intelligendum
499 1982 562 2018 esse
587 1974 635 2019 aut
662 1964 701 2034 (1)
724 1966 920 2036 Neophronem
945 1965 1128 2046 tragoedum
1138 1963 1309 2032 Sicyonium,

157 2053 242 2106 quem
266 2035 368 2089 Suidas
394 2034 479 2088 tradit
504 2035 684 2116 παιδαγωγους
709 2039 750 2088 καὶ
771 2037 874 2090 οἰκετῶν
897 2036 1042 2101 βάσανον
1036 2034 1186 2101 lnuenisse,
1210 2033 1311 2087 famili·

158 2123 236 2160 arem
261 2116 356 2160 autem
380 2105 532 2160 Alexandri
559 2107 595 2160 ab
618 2123 652 2160 eo
676 2124 733 2160 una
757 2125 822 2161 cum
846 2107 939 2161 amico
965 2106 1137 2160 Callisthene
1162 2104 1310 2158 tormentis

157 2176 358 2246 interemptum
381 2176 475 2230 fuisse
515 2179 600 2230 Hunc
624 2177 700 2231 idem
726 2178 828 2232 Suidas
851 2196 916 2232 51
944 2175 1123 2244 Καλλισθένης
1148 2176 1312 2229 Nearchum

158 2248 289 2317 appellat
329 2247 372 2300 Ibi
390 2264 462 2317 quae
481 2247 517 2301 de
534 2247 706 2302 Callisthene
725 2249 810 2302 habet
830 2248 906 2302 Suid
927 2249 975 2302 ὑπὸ
994 2248 1109 2317 φθειρῶν
1126 2245 1312 2315 ὑπερβλύσεως

158 2321 198 2370 καὶ
217 2319 366 2387 έκβράσεως
384 2323 428 2370 τὸν
445 2319 504 2379 βίον
522 2319 703 2388 καταστρέφει,
716 2319 814 2373 bene
808 2338 836 2373 111
854 2329 974 2373 mortem
986 2319 1126 2388 quadrant
1137 2320 1265 2382 frigoris
1278 2333 1311 2370 ac

158 2392 261 2456 fumis,
286 2389 399 2458 qualem
424 2388 558 2443 describit
581 2389 709 2444 Ouidius.
747 2400 794 2444 aut
816 2389 853 2458 (2)
879 2391 955 2460 quod
979 2400 1056 2443 ratus
1081 2399 1124 2442 est
1151 2387 1310 2441 Ludouicus

161 2459 317 2528 Campbell,
338 2460 505 2513 Adrastum.
544 2459 591 2530 qui
614 2460 736 2528 Sicyone
760 2461 933 2526 ἐμβοσιλευεν
954 2461 1032 2515 Ilii.
1055 2472 1104 2528 572
1127 2458 1222 2528 ibique
1240 2469 1311 2512 tam·

159 2547 258 2611 quarn
258 2531 341 2583 heros
352 2530 496 2584 colebatur
510 2531 615 2584 Herod.
627 2549 651 2584 v.
661 2532 705 2596 67.
727 2531 812 2585 Cuius
825 2531 977 2586 infortunia
991 2529 1093 2599 (πάθεα)
1108 2547 1172 2583 curn
1187 2528 1311 2596 Sicyonii

160 2599 274 2669 tragicis
288 2600 380 2653 choris
398 2602 556 2655 celebrasse
569 2601 665 2655 dicant
654 2610 699 2655 tur
711 2603 747 2656 ab
765 2603 867 2657 eodem
882 2604 1029 2656 Herodoto
1042 2601 1077 2655 vi
1092 2602 1126 2668 8.,
1140 2601 1173 2654 cf.
1190 2599 1309 2653 Bentleii

161 2671 281 2725 Dissert.
301 2672 337 2725 de
352 2673 429 2725 Phal.
443 2689 488 2742 pp.
504 2687 564 2740 332,
578 2687 638 2740 339,
651 2674 695 2727 ed
711 2675 800 2741 Dyce,
817 2673 918 2727 merito
937 2691 1001 2728 cum
1009 2671 1147 2754 Sicyonis
1167 2671 1311 2725 mentione

160 2742 390 2810 coniungendum
415 2753 474 2796 erat
500 2742 529 2796 id
554 2743 661 2812 quod
655 2761 683 2796 1n
709 2744 752 2797 his
777 2744 870 2798 choris
895 2761 952 2797 non
977 2743 1126 2796 minimum
1151 2741 1228 2796 dictu
1252 2741 1311 2809 fuit,

160 2829 236 2867 mors
258 2812 381 2866 Adrasti
424 2815 469 2867 De
491 2830 547 2883 qua
568 2814 723 2869 Pausanias
745 2814 785 2868 sic
807 2815 930 2869 traditi
952 2829 986 2882 43
1008 2813 1076 2868 αίπια
1095 2815 1119 2866 ol
1137 2817 1184 2866 ποῦ
1203 2812 1313 2866 θανάτου

159 2905 240 2966 yppos
258 2885 298 2935 καὶ
317 2884 362 2949 τὴν
380 2882 522 2954 Αἰγιαλέως
539 2884 661 2953 γενέσθαι
679 2884 816 2952 τελευτηντ
846 2887 879 2940 cf.
899 2887 970 2940 Stat.
988 2885 1077 2938 Theb
1091 2883 1146 2938 viii.
1161 2884 1212 2937 262
1231 2899 1316 2952 aeger

160 2957 245 3007 senio.
283 2954 401 3023 Propius
420 2965 516 3009 tamen
535 2956 573 3009 ad
591 2966 710 3010 mortem
730 2956 840 3009 accedit
851 2957 980 3036 frigoras
989 2956 1136 3024 famisque
1154 2953 1245 3034 qualis
1267 2953 1313 3006 hic

126 3086 127 3093 ,
161 3023 336 3093 describitur,
359 3025 415 3079 hist
404 3025 476 3080 toria
498 3025 637 3079 Demetrii
660 3026 832 3094 Ρο110100115,
854 3044 910 3096 quo
928 3025 1023 3080 Ouidii
1043 3025 1184 3078 distichon
1204 3023 1311 3094 primus

160 3095 301 3150 reuocaui.
340 3097 417 3149 Nam
438 3095 477 3164 (3)
497 3096 659 3150 Demetrius
680 3098 862 3152 Σικυωνίους”
848 3118 951 3152 επεισεν
970 3095 1001 3149 οὗ
1020 3117 1064 3149 νυν
1082 3095 1182 3148 οἶκονσι
1201 3095 1313 3162 μετοικί-

161 3166 269 3219 σασθαι·
296 3166 332 3237 τῷ
355 3166 382 3219 δὲ
402 3169 473 3237 τόπῳ
493 3168 534 3219 καὶ
553 3170 663 3235 τοῦνομα
684 3168 730 3234 τὴν
750 3169 827 3221 πόλιν
843 3166 1131 3234 συμμεταβαλοῦσαν’
1116 3168 1171 3218 αντὶ
1191 3169 1314 3219 Σικυῶνος

161 3218 328 3304 Δημητριάδᾶ
351 3240 573 3307 προσηγόρευσεν
621 3239 703 3319 (Plut
729 3237 887 3306 1101115)
929 3240 1070 3318 1114101
1091 3240 1222 3300 Sicyone
1243 3251 1314 3299 pro-

161 3310 242 3362 feoto
259 3309 287 3360 h.
297 3325 320 3362 e.
338 3325 356 3361 a
373 3308 557 3362 Demetriade
574 3308 654 3378 quasi
671 3326 722 3379 per
738 3309 869 3377 aenigma
886 3326 990 3362 nomen
1008 3307 1059 3362 uiri
1077 3308 1211 3361 declarat.
1246 3308 1273 3359 N
1277 3323 1313 3359 on

162 3378 255 3432 minus
274 3377 394 3432 illustrat
413 3381 451 3433 alt
441 3390 531 3433 terum
550 3397 574 3433 u.
596 3379 709 3434 distichi
730 3384 777 3434 stt
794 3383 895 3446 frigus
913 3382 1024 3434 mortis
1042 3395 1138 3432 causo
1154 3380 1314 3440 famesque

161 3455 235 3503 11110
253 3466 375 3519 sequens
393 3449 511 3504 historia
531 3450 678 3519 Demetrii,
696 3461 847 3532 postquam
866 3468 884 3505 a
901 3467 989 3532 regno
1009 3449 1200 3503 Macedonum
1217 3450 1315 3529 pulsus

161 3521 266 3589 μορφὴν
284 3520 429 3588 ἀμείψας’
415 3541 446 3572 εκ
463 3520 522 3574 θεοῦ
537 3521 703 3591 βροτησιαν
696 3539 725 3575 111
738 3521 837 3576 Asiam
856 3520 986 3590 profugit,
1005 3520 1100 3590 ibique
1119 3530 1218 3575 contra
1237 3518 1315 3587 Lysi-

162 3593 296 3644 machum
318 3607 353 3644 ac
372 3593 521 3645 Seleucum
539 3608 604 3645 cum
623 3592 745 3647 exercitu
766 3593 936 3661 belligerans
957 3591 1052 3646 multis
1073 3591 1218 3645 mensibus
1239 3591 1314 3644 fame

163 3678 197 3715 ac
223 3661 334 3730 frigore,
363 3671 428 3731 post
429 3679 507 3717 remo
536 3663 622 3717 etiam
650 3664 749 3717 morbo
774 3664 950 3752 conflictatus
979 3672 1030 3717 051
1075 3664 1146 3717 Ρ111.
1172 3665 1257 3716 Dem
1280 3662 1315 3727 46

161 3730 347 3800 Ἐπισιτισμου
369 3734 396 3786 δὲ
418 3735 458 3786 καὶ
477 3739 613 3802 προνομῶν
633 3733 811 3805 εἶργόμενος’
800 3738 928 3804 ηπορεῑτο.
965 3735 1017 3802 ἅμα
1039 3733 1067 3786 δε
1088 3735 1222 3823 μᾶλλον“
1209 3756 1223 3786 ο
1242 3735 1317 3801 λιμὸς

163 3802 284 3856 ε’πέτεινε.
310 3816 343 3870 47
357 3803 438 3859 Τελος
456 3804 484 3856 δὲ
503 3805 544 3857 καὶ
562 3808 642 3859 νόσου
660 3809 695 3876 τῷ
699 3807 782 3893 λιμῷ
801 3805 1066 3873 σννὲπιπιθεμένης,
1050 3827 1139 3871 ωσπερ
1157 3801 1286 3866 εἵωθεν,’
1272 3805 1315 3857 επὶ

163 3874 319 3939 βρώσεις’
304 3876 443 3943 αναγκαίας
468 3875 638 3944 τρεπομένων,
662 3899 722 3931 τους
747 3878 844 3931 πάντας
871 3898 916 3929 ουκ
944 3877 1091 3931 έλασσόνας
1116 3874 1316 3943 ὀκτακισχιλίων

163 3944 338 4006 ἀποβαλὼν’
323 3967 415 4014 ανηγεν
433 3944 517 3999 ὀπίσω
535 3967 594 4001 τους
614 3946 730 4002 λοιπούς.
776 3950 845 4001 Mox
871 3949 993 4001 adeunte
1016 3947 1110 4000 hieme
1132 3956 1247 4000 coactus
1272 3954 1316 3998 est

164 4015 315 4069 Seleucum
345 4033 445 4084 rogare
475 4027 505 4070 ut
535 4017 687 4071 exercitum
718 4035 800 4071 suum
831 4027 1001 4072 sustentaret
1032 4035 1105 4070 neue
1138 4034 1169 4070 se
1201 4016 1316 4084 inopem

164 4087 328 4156 nudumque
346 4086 474 4140 hostibus
494 4087 648 4142 oblectaret
669 4089 713 4157 (47
733 4086 792 4156 fin.)
831 4091 905 4142 Tum
927 4089 1026 4141 morbo
1048 4105 1098 4156 per
1117 4088 1144 4139 xl
1166 4087 1227 4140 dies
1249 4102 1316 4139 con-

164 4158 255 4210 fectus
281 4158 325 4225 (48
348 4156 415 4225 fin),
437 4158 475 4210 ad
493 4157 622 4211 ultimum
644 4175 742 4212 carens
764 4159 851 4212 etiam
872 4159 954 4212 unius
977 4158 1033 4212 diei
1053 4157 1173 4225 cibariis,
1197 4158 1316 4211 Seleuco

165 4244 197 4281 se
221 4227 346 4295 tradidit,
372 4238 522 4297 postquam
547 4228 734 4283 uoluntariam
759 4239 879 4283 mortem
904 4229 1006 4282 frustra
1031 4238 1160 4297 expertus
1186 4237 1228 4282 est
1249 4226 1313 4295 (49).

167 4299 230 4351 Hos
252 4297 391 4352 Demetrii
417 4316 507 4367 01515,
529 4298 629 4367 dignos
654 4316 722 4353 sane
748 4299 794 4368 qui
819 4299 933 4368 tragicis
957 4299 1081 4354 Menelai
1102 4299 1208 4352 Bacchi
1229 4298 1315 4352 Oedi-

166 4368 249 4449 podis
274 4371 444 4438 περιπετείαις
467 4380 698 4450 compararentur
723 4371 806 4438 (Plut.
830 4373 913 4424 Dem.
935 4383 978 4438 45,
997 4369 1044 4451 46)
1070 4369 1205 4424 Ouidium
1230 4369 1315 4423 credo

167 4439 207 4492 ita
232 4439 447 4493 adhibuisset
417 4448 447 4493 ut
470 4440 648 4494 Demetrium
671 4441 746 4495 farne
771 4459 805 4495 ac
829 4440 932 4509 frigore
956 4441 1073 4511 periisse
1099 4442 1235 4510 fingeret:
1261 4439 1315 4494 etsi

167 4518 301 4564 reuerat
290 4509 379 4564 tribus
402 4509 483 4565 annis
509 4510 669 4581 superuixit,
690 4522 718 4566 et
743 4512 771 4566 in
798 4512 879 4580 Syria
904 4513 1083 4566 Chersoneso
1105 4511 1233 4581 captiuus
1258 4511 1316 4565 otio
