3038 4988
251 386 308 443 168
653 376 1002 441 COMMENTARIVS.

249 539 306 595 Od.
318 537 371 594 xix.
385 537 438 608 386
455 536 535 608 γρηῢς
551 535 580 590 δέ
595 534 688 605 λέβηθ’
702 536 748 592 ἕλε
763 537 964 608 παμφανόωντα.
994 538 1047 589 Τοῦ
1062 533 1146 590 πόδας
1162 531 1319 602 ἐξαπένιζεν,
1337 531 1399 604 ὕδωρ

249 610 272 664 δ’
284 608 421 681 ἐνεχεύατο
438 609 523 664 πουλὺ
539 611 655 678 Ψυχρόν,
672 608 759 662 ἔπειτα
776 607 804 661 δι’
817 607 912 676 θερμόν
923 605 1068 677 ἐπήφυσεν·
1086 606 1167 676 αὖτάρ
1180 605 1329 660 Ὀδυσσεὺς
1339 601 1401 670 'Ises

248 679 289 736 ἐπ’
309 681 468 751 ἐσχαρόφιν,
489 680 560 733 ποτὶ
579 679 610 732 δέ
632 681 747 732 σκότον
767 677 906 747 ἐτράπετ’
926 673 1014 747 αἶψα.
1047 677 1143 730 Αὐτίκα
1163 677 1216 746 γὰρ
1241 678 1306 730 κατὰ
1326 676 1401 744 θυμὸν

249 748 351 820 όίσατο,
364 751 398 821 μη
411 751 424 803 ἐ
435 752 557 813 λαβοῦσα
570 749 657 817 Οίιλὴν
668 749 857 819 ἀμφράσσαιτο
869 749 911 802 καὶ
922 747 1030 817 ἀμφαδὰ
1042 749 1105 818 ἔργα
1122 748 1235 818 γένοιτο.
1282 764 1303 802 a
1313 749 1401 801 caede

249 825 401 878 latentem
414 820 510 876 durius
524 820 631 874 dictum
644 820 680 874 de
693 836 728 874 eo
741 819 788 889 qui
802 836 833 873 se
850 820 974 873 occultat
990 835 1027 873 ne
1046 818 1183 888 prodatur
1202 818 1308 872 caedes
1322 834 1401 887 quarn

250 903 341 963 parat.
379 894 425 946 An
446 909 481 946 ex
502 890 640 946 memoria
661 890 730 944 dixit
749 891 854 959 poeta?
878 899 909 943 ut
930 899 1040 959 putaret
1058 890 1193 958 Vlyssem
1212 890 1304 943 lotum
1321 888 1402 942 fuisse

245 967 400 1044 postquam
413 961 603 1017 Melambium
612 970 752 1015 necasset.
780 963 858 1014 Nam
869 970 896 1014 et
910 959 938 1014 in
952 977 986 1014 eo
996 959 1073 1030 quod
1083 977 1186 1029 parens
1197 961 1340 1027 Vlyssem,
1349 974 1402 1011 non

250 1043 344 1089 nutrrx
356 1035 441 1101 lauat,
454 1032 525 1087 alios
538 1042 652 1087 secutus
665 1041 716 1100 est,
730 1048 788 1085 non
802 1033 969 1085 Homerum.
1067 1033 1138 1084 624.
1157 1034 1313 1084 Prodidit.
1351 1029 1402 1083 Od.

251 1104 305 1158 xix.
318 1116 371 1172 473
383 1101 519 1173 Ἀψαμένη
538 1103 567 1156 δέ
585 1102 682 1174 γενείου
699 1101 835 1168 Ὀδυσσῆα
852 1100 1014 1172 προσέειπεν.
1037 1096 1076 1152 Ἠ
1093 1099 1154 1169 μόλ’
1171 1099 1320 1155 Ὀδυσσεύς
1336 1100 1403 1165 ἐσσι,

251 1174 333 1242 φίλον
345 1173 427 1228 τέκος·
449 1173 509 1227 οὐδέ
525 1172 554 1226 o’
566 1173 649 1244 ἔγωγε
667 1173 734 1241 Πρὶν
746 1173 826 1243 ἔγνων
843 1174 904 1240 πρὶν
920 1173 1003 1226 πάντα
1021 1171 1107 1241 ἄνακτ’
1123 1171 1186 1239 ἐμὸν
1202 1170 1403 1240 ἀμφαφάασθαι.

254 1246 335 1314 Quae
354 1244 442 1299 uerba
459 1253 489 1298 ut
507 1245 601 1297 locuta
619 1254 671 1311 est,
686 1243 848 1312 Penelopen
865 1242 978 1296 intuens
995 1241 1052 1296 iam
1070 1241 1127 1295 iam
1140 1240 1337 1310 significatura
1348 1249 1404 1295 erat

252 1314 372 1370 rediisse
389 1315 531 1384 Vlyssem,
550 1313 604 1369 nisi
623 1314 647 1368 is
666 1314 766 1368 dextra
784 1330 816 1367 os
834 1313 951 1367 nutricis
973 1312 1146 1380 occlusisset,
1166 1311 1212 1366 his
1231 1311 1339 1366 additis
1356 1312 1403 1377 482

253 1388 334 1451 Μαῖα,
352 1385 399 1452 τίη
421 1386 447 1452 μ’
465 1385 586 1439 ἐθέλεις
603 1384 730 1451 ὀλέσοι;
784 1386 887 1438 officio
906 1401 970 1453 ope,
988 1393 1018 1437 ut
1042 1385 1081 1437 M.
1101 1382 1147 1438 xii.
1166 1397 1199 1451 91
1221 1383 1408 1436 remouebitur

253 1472 334 1510 oeuue
361 1456 505 1525 Tegmiuis
529 1457 656 1525 officium,
681 1461 776 1510 tamen
800 1455 981 1509 indestrictus
1004 1454 1089 1508 abibo.
1169 1469 1297 1522 parens,
1323 1453 1406 1506 immo

252 1525 355 1594 nutrix,
371 1526 425 1580 Od.
438 1525 491 1580 xix.
506 1538 567 1594 354,
580 1542 652 1595 quae
666 1525 742 1595 apud
757 1527 915 1580 Homerum
928 1525 1069 1593 Euryclea
1080 1522 1160 1578 audit
1173 1537 1235 1592 357.
1264 1524 1352 1594 Atqui
1365 1540 1405 1592 ap.

255 1597 316 1652 Cic.
335 1599 418 1651 Tusc.
440 1596 522 1666 Disp.
541 1615 566 1650 v.
589 1597 628 1650 16.
651 1596 686 1663 46
710 1595 842 1650 Anticlea
862 1595 936 1650 Vlixi
958 1595 1046 1666 pedes
1071 1594 1190 1648 abluens
1213 1593 1357 1648 inducitur
1376 1611 1407 1648 ex

255 1667 367 1738 Niptris
384 1667 507 1722 Pacuuii.
550 1669 650 1736 ltaque
670 1666 730 1721 siue
750 1665 906 1720 Pacuuium
924 1666 985 1720 siue
1005 1665 1172 1720 Ciceronem
1190 1682 1304 1719 errasse
1323 1664 1407 1719 credi·

255 1738 340 1805 deris,
359 1738 447 1793 habes
470 1755 519 1792 cur
535 1742 643 1808 pareus
663 1738 734 1791 haec
755 1737 783 1791 in
803 1736 897 1791 Ibidis
918 1753 1002 1791 uersu
1024 1745 1126 1790 uocata
1147 1735 1202 1790 sit:
1230 1752 1300 1789 nam
1322 1744 1408 1789 mater

255 1809 367 1877 Vlyssis
390 1808 531 1863 Anticlea.
626 1810 695 1862 626.
726 1811 863 1876 auxiliis,
882 1807 916 1860 iis
938 1806 985 1877 qui
1010 1805 1062 1860 tibi
1087 1805 1219 1875 opitulari
1244 1806 1406 1862 debuerant.

254 1884 325 1947 627,
338 1883 365 1933 6.
386 1883 497 1940 Qualia
513 1895 578 1933 nox
593 1884 665 1933 eota
680 1885 729 1933 eet
739 1881 860 1943 Phrygi
871 1881 984 1932 timido
998 1877 1103 1931 Doloni
1116 1893 1214 1941 equos
1226 1883 1322 1941 puoto
1334 1892 1408 1941 quos

255 1953 308 2004 fia.
321 1952 463 2004 Achillea
475 1960 625 2019 postquam
639 1959 739 2018 pactus
751 1959 826 2003 esset
839 1966 904 2002 cum
919 1950 1043 2002 Hectore
1056 1957 1086 2002 ut
1098 1947 1135 2001 ab
1145 1964 1180 2001 eo
1192 1965 1284 2017 equos
1294 1946 1407 2001 Achillis

256 2020 407 2090 acciperet,
420 2021 443 2074 si
457 2039 491 2074 ex
504 2022 677 2075 Graecorum
691 2019 790 2073 castris
803 2029 911 2073 certum
924 2017 1053 2072 nuntium
1065 2027 1239 2087 reportasset
1252 2035 1304 2072 eos
1316 2020 1407 2088 fugam

257 2090 388 2145 meditari
414 2091 460 2159 (Il.
478 2110 503 2144 x.
523 2105 583 2159 309,
603 2089 747 2158 321-323),
768 2107 832 2144 nox
856 2093 917 2145 tibi
937 2093 1012 2144 talis
1032 2095 1091 2157 eat,
1113 2088 1169 2142 hoc
1190 2089 1279 2142 modo
1305 2099 1405 2158 agatur.

259 2162 364 2229 Dolon,
375 2161 522 2228 Troianus,
536 2160 674 2214 Eumedis
687 2157 822 2228 filius,⁶0s
835 2160 865 2229 δίη
875 2182 915 2214 τοι
924 2156 992 2214 εἶδος
1003 2161 1050 2226 μὲν
1058 2160 1102 2226 ἔην
1112 2160 1195 2224 κακός,
1205 2159 1276 2213 ἀλλὰ
1285 2161 1407 2226 ποδώκης,

257 2240 345 2285 noctu
364 2248 493 2299 egressus
519 2249 553 2285 ex
579 2231 637 2285 suis
656 2232 693 2285 ab
712 2232 814 2299 Vlysse
833 2242 861 2285 et
881 2230 1023 2285 Diomede
1041 2228 1214 2300 nequiquam
1233 2228 1346 2298 lugiens
1364 2229 1408 2284 de·

259 2301 443 2371 prehenditur
457 2300 502 2369 (11.
515 2321 540 2355 x.
555 2316 606 2369 322
620 2301 702 2371 sqq).
741 2303 878 2355 Orantem
890 2318 926 2356 ne
943 2310 1040 2371 pereat
1056 2300 1231 2369 interrogant
1244 2301 1281 2354 de
1295 2300 1409 2354 Troian-

260 2389 341 2426 orum
362 2374 482 2440 fortuna,
501 2381 529 2426 et
549 2389 633 2443 quem
652 2372 770 2442 quisque
790 2372 918 2427 ordinem
937 2381 1051 2438 teneat3
1075 2381 1136 2425 tum
1161 2371 1317 2440 compertis
1341 2387 1409 2441 quae

260 2442 299 2499 ibi
313 2443 477 2512 agebantur,
492 2442 648 2497 Diomedes
661 2442 799 2497 interficit.
890 2445 958 2498 627.
976 2458 1073 2506 equos
1086 2447 1188 2506 pacto.
1222 2443 1254 2495 Il.
1268 2461 1294 2497 x.
1309 2457 1357 2509 321
1372 2440 1409 2494 κοί

260 2536 304 2584 μοι
318 2514 438 2583 ὄμοσσον
450 2510 487 2566 Ἦ
507 2515 554 2581 μέν
572 2514 632 2568 τοὺς
650 2512 744 2568 ἵππους
763 2535 791 2566 τε
811 2512 852 2566 καί
874 2512 976 2582 άρματα
994 2514 1101 2566 ποικίλα
1120 2513 1211 2582 χαλκῷ
1232 2515 1365 2580 Δωσέμεν,
1387 2509 1410 2564 οί

260 2585 407 2655 φορέουσιν
418 2583 535 2655 ἀμύμονα
547 2581 690 2652 Πηλείωνα.
762 2586 833 2637 628.
852 2587 971 2638 timido.
1005 2583 1038 2637 ll.
1051 2601 1076 2636 x.
1090 2595 1142 2650 374
1155 2585 1169 2635 ό
1183 2582 1206 2635 δ’
1217 2582 1259 2652 ἄρ’
1270 2583 1336 2651 ἔστη
1354 2583 1409 2652 τάρ-

260 2655 346 2722 βησέν
357 2677 385 2708 τε
398 2656 558 2724 Βαμβαίνων,
571 2655 668 2724 ἄραβος
681 2654 709 2708 δέ
723 2653 766 2707 διά
778 2656 864 2722 στόμα
875 2655 971 2725 γίγνετ’
983 2653 1103 2722 ὀδόντων,
1118 2654 1227 2722 Χλωρδς
1242 2653 1306 2707 ὑπαί
1322 2654 1409 2708 δείους.

261 2729 332 2780 629.
351 2729 476 2780 Rhesus
489 2725 524 2780 de
540 2742 596 2795 quo
616 2726 710 2779 Dolon
726 2724 913 2794 interrogatus
930 2725 967 2778 ab
980 2725 1082 2794 Vlysse
1100 2724 1172 2778 haec
1190 2725 1326 2779 retulerat
1343 2726 1373 2779 Il
1386 2742 1409 2778 x.

262 2809 314 2865 435
328 2798 372 2849 Ἐν
384 2797 413 2850 δέ
425 2797 493 2865 σφιν
504 2795 596 2864 Ῥῆσος
606 2795 743 2861 βασιλεύς,
754 2795 814 2850 πάις
826 2797 952 2863 Ἠϊονῆος,
964 2795 1059 2863 Τοῦδίη
1074 2796 1234 2849 καλλίστους
1248 2794 1344 2851 ίππους
1360 2794 1411 2848 ἴδον

261 2865 307 2936 ἢδὲ
320 2868 467 2937 μεγίστους·
485 2869 636 2936 Λευκότεροι
649 2868 742 2936 χιόνος,
756 2863 831 2919 θείειν
843 2866 866 2919 δ’
877 2866 1010 2934 ἀνέμοισιν
1021 2867 1113 2932 ὁμοῖοι.
1162 2882 1274 2920 somno
1285 2870 1411 2921 meliore

262 2942 415 3004 quiescas.
439 2938 566 2992 Rhesum
580 2937 653 2992 inter
665 2936 783 2991 comites
796 2937 924 2991 Thracas
937 2935 1124 2991 dormientem
1137 2952 1202 2989 cum
1215 2933 1367 2991 duodecim
1380 2954 1411 2990 ex

262 3009 322 3064 suis
340 3007 479 3063 iuterfecit
498 3008 674 3074 Diomedes;
696 3025 784 3078 equos
802 3007 862 3062 eius
882 3007 959 3061 iuxta
978 3006 1125 3060 dominum
1143 3006 1279 3076 religatos
1297 3009 1411 3076 Vlysses

263 3080 359 3148 abegit
375 3081 407 3134 ΙΙ.
420 3099 445 3134 x.
458 3092 519 3148 473,
532 3094 558 3148 4,
571 3080 632 3148 488,
645 3080 707 3147 498.
778 3081 848 3133 630.
867 3083 971 3140 Quum
985 3083 1115 3132 comites
1126 3079 1226 3132 Rhesi
1237 3083 1308 3133 tum
1320 3081 1411 3145 necis,

264 3157 338 3206 ante
358 3154 438 3205 uiae.
485 3150 637 3204 Notandus
665 3149 768 3219 duplex
795 3149 936 3217 genitiuus
962 3165 997 3202 ex
1023 3165 1094 3203 uoce
1121 3150 1252 3203 comites
1277 3149 1412 3219 pendeus,

173 3242 174 3246 ¹
264 3239 351 3292 quarn
366 3220 443 3275 nolui
458 3219 615 3289 immutare,
629 3219 759 3290 quamuis
771 3219 862 3273 Rheso
876 3219 1029 3273 Merkelius
1048 3236 1083 3273 ex
1101 3218 1264 3273 coniectura
1281 3218 1412 3289 posuerit,

264 3303 293 3347 et
306 3292 433 3346 datiuum
450 3308 589 3361 personae
605 3301 670 3360 post
686 3291 797 3346 comites
812 3291 977 3361 plerumque
991 3290 1131 3358 praeferat
1145 3289 1274 3344 Ouidius.
1308 3290 1367 3345 Cic.
1380 3290 1413 3342 de

264 3363 357 3418 Amic.
371 3362 405 3417 xi.
420 3375 453 3430 37
472 3364 540 3416 Non
558 3364 633 3416 euim
646 3363 752 3432 paruit
768 3361 817 3414 ille
838 3362 880 3414 Ti.
903 3359 1024 3414 Gracchi
1040 3361 1201 3428 temeritati,
1219 3361 1270 3414 sed
1278 3362 1413 3431 praefuit,

264 3451 314 3490 uec
324 3450 353 3486 se
364 3436 488 3487 cometem
501 3433 710 3503 illiusfuroris,
719 3432 770 3485 sed
777 3432 872 3486 ducem
884 3432 1023 3501 praebuit.
1058 3436 1128 3485 tum
1139 3435 1234 3496 neeis,
1249 3437 1324 3486 ante
1336 3436 1414 3485 uiae.

265 3503 364 3572 Necis,
383 3520 448 3557 curn
472 3505 529 3558 leto
554 3503 637 3559 datus
662 3513 713 3571 est,
733 3501 804 3570 uiae,
824 3518 888 3556 cum
911 3501 994 3555 simul
1015 3501 1209 3556 aduentabant
1231 3519 1266 3556 ex
1285 3501 1414 3556 Thracia.

267 3575 300 3628 ll.
314 3592 338 3627 x.
353 3587 405 3641 434
418 3573 525 3642 θρὴικες
543 3571 590 3627 οἵδ’
603 3574 728 3627 ἀπάνευθε
747 3571 896 3641 νεήλυδες,
910 3573 1019 3642 ἔσχατοι
1037 3572 1136 3638 ἄλλων,
1147 3570 1191 3625 Ἐν
1203 3572 1233 3625 δέ
1245 3573 1315 3641 σφιν
1326 3571 1416 3640 Ῥῆσος

265 3642 400 3711 βασιλεύς,
409 3645 470 3699 πάις
478 3642 624 3699 Ἠετίωνος.
662 3642 791 3714 Plerique
804 3643 887 3698 codd.
896 3643 1003 3698 habent
1016 3648 1081 3697 aute
1092 3644 1173 3710 diem,
1183 3642 1253 3696 satis
1267 3643 1415 3697 commode

266 3713 304 3769 ad
324 3730 456 3767 sensum:
481 3731 549 3769 nam
566 3725 652 3770 noctu
671 3715 783 3769 Rhesus
802 3714 912 3768 occisus
931 3723 983 3780 est,
999 3723 1027 3769 et
1046 3713 1166 3768 reuersis
1185 3713 1303 3767 domum
1315 3715 1415 3783 Vlysse

266 3801 301 3840 ac
316 3783 457 3837 Diomede
467 3781 538 3840 Ἠὼς
549 3785 578 3838 ἐκ
589 3785 688 3854 λεχέων
700 3787 760 3855 παρ’
772 3785 869 3855 ἀγαυοῦ
884 3785 1007 3838 Τιθωνοῖο
1016 3781 1124 3853 'opunti’
1139 3784 1170 3839 ll.
1183 3784 1220 3838 xi.
1237 3799 1257 3837 1.
1298 3786 1364 3838 Hoc
1376 3802 1415 3838 re·

266 3865 346 3910 tento
359 3854 540 3910 scribendum
549 3856 601 3911 erit
612 3857 703 3927 Quam
714 3858 825 3910 comites
832 3855 926 3922 Rhesi,
935 3861 977 3923 tu,
987 3857 1061 3910 necis
1069 3861 1134 3909 ante
1141 3855 1224 3922 diem,
1233 3872 1328 3925 neque
1341 3853 1415 3909 omni

265 3924 295 3980 ui
315 3935 391 3980 caret
404 3931 437 3979 tu
454 3926 600 3994 ἐμφοτικῶς
618 3927 658 3981 sic
676 3926 844 3996 repetitum:
867 3943 1040 3997 quamquam
1059 3924 1193 3980 Ouidium
1212 3925 1252 3979 ita
1271 3925 1417 3995 scripsisse

266 4015 325 4052 non
344 3996 521 4061 crediderim.
596 4002 662 4053 631.
682 4014 769 4062 quos.
798 3999 870 4053 Aen.
884 3998 919 4052 ix.
934 4010 984 4066 315
1003 3996 1103 4050 multis
1123 4002 1217 4050 tamen
1237 4002 1305 4049 ante
1314 3996 1420 4066 futuri

266 4070 376 4124 Eaitio.
415 4068 488 4123 Niso
509 4079 566 4124 tres
588 4068 684 4123 famuli
707 4068 864 4137 Ramnetis,
886 4071 993 4122 Remus
1015 4085 1080 4121 cum
1099 4066 1240 4136 armigero
1261 4076 1290 4121 et
1312 4067 1416 4135 auriga,

268 4141 407 4208 Lamyrus
429 4142 534 4195 Lamus
553 4142 708 4205 Serranus;
733 4140 858 4208 Euryalo
880 4140 976 4193 Fadus
998 4139 1144 4192 Herbesus
1164 4139 1294 4192 Rhoetus
1315 4136 1417 4191 Abaris

268 4221 439 4266 sternuntur.
499 4214 660 4265 Ramnete.
691 4212 761 4264 Aen.
782 4209 817 4264 ix.
836 4225 889 4278 324
905 4210 995 4264 simul
1007 4226 1070 4263 ense
1085 4209 1236 4279 superbum
1254 4209 1417 4262 Ramnetem

267 4283 444 4353 aggreditur,
466 4284 518 4351 qui
531 4283 611 4352 sorte
631 4281 769 4352 tapetibus
789 4282 858 4335 alte's
877 4282 1052 4334 Exstructus
1070 4285 1128 4333 toto
1147 4279 1291 4349 prestabat
1308 4283 1418 4348 pectore

267 4370 405 4422 somnum,
420 4354 484 4407 Rex
499 4354 571 4408 idem
589 4358 618 4407 et
634 4354 698 4424 regi
715 4353 813 4406 Turno
825 4354 1011 4424 gratissimus
1028 4367 1132 4422 augur,
1146 4351 1207 4405 Sed
1221 4366 1277 4403 non
1296 4350 1417 4420 augurio

263 4425 362 4494 patuit
373 4425 507 4494 depellere
513 4428 628 4494 pestem.
707 4426 776 4479 632.
796 4426 986 4489 Hyrtacides
999 4421 1095 4477 Nisus.
1133 4422 1203 4475 Aen.
1218 4420 1253 4475 ix.
1267 4421 1316 4487 176
1328 4420 1417 4473 Nisus

266 4499 331 4554 erat
343 4498 446 4565 portae
462 4500 561 4564 custos,
574 4496 728 4552 acem'mus
745 4496 842 4566 armes,
855 4494 1032 4566 Hyrtacides.
1070 4493 1148 4548 Hinc
1166 4495 1291 4558 inpiger
1309 4489 1416 4546 dicitur.
