3126 4980
441 978 1009 1063 COMMENTARIVS.

186 1297 209 1349 1.
229 1297 365 1358 Tempus
380 1296 421 1347 ad
436 1296 496 1347 hoo
507 1330 514 1346 .
525 1331 532 1346 .
544 1296 704 1357 .peraotis
744 1294 837 1347 Natus
849 1302 892 1348 est
907 1293 1026 1348 Ovidius
1041 1310 1117 1348 anno
1130 1293 1228 1363 711143
1241 1311 1305 1349 cum

150 1366 248 1420 cecidit
254 1366 322 1435 sato
336 1364 435 1418 consul
448 1369 564 1432 uterque
578 1363 701 1432 (Hirtius
714 1371 743 1418 et
756 1365 850 1418 Pansa
862 1364 900 1418 ad
914 1364 1067 1433 Mutinam)
1076 1367 1149 1435 pori
1160 1365 1254 1433 (Trist.
1269 1366 1306 1420 iv.

154 1451 192 1490 ιο.
206 1437 243 1504 6).
283 1433 461 1505 Itaqueris
480 1451 537 1487 non
555 1442 621 1488 ante
634 1432 715 1502 762l9
728 1433 848 1504 scriptus
864 1444 916 1504 est,
929 1451 986 1505 quo
1001 1435 1116 1490 demum
1132 1453 1207 1490 anno
1225 1436 1305 1506 quin-

151 1505 347 1577 quagesimum
369 1505 493 1560 natalem
516 1504 668 1574 compleuit
690 1504 736 1559 die
758 1506 884 1560 secundo
906 1505 1133 1575 Quinquatruum
1154 1506 1248 1574 (Trist.
1269 1507 1304 1561 iv.

154 1592 192 1631 ro.
216 1575 321 1646 13-14),
339 1575 387 1630 xiii
408 1577 471 1630 Kal
495 1575 582 1644 April.
603 1575 717 1644 (March
731 1574 784 1643 20).
887 1578 915 1630 2.
935 1592 1062 1631 carmen
1082 1580 1201 1631 inerme
1220 1576 1305 1631 simili

150 1665 236 1702 sensu
249 1647 318 1701 dixit
332 1664 388 1717 quo
401 1645 564 1715 Propertius
576 1645 610 1700 iv.
622 1645 646 1700 6.
658 1661 700 1714 31,
711 1661 727 1699 2
741 1647 777 1701 de
789 1645 920 1716 Apolline
932 1648 1000 1701 Non
1013 1648 1062 1702 ille
1070 1648 1208 1701 attulerat
1216 1650 1307 1702 crines

150 1721 182 1772 in
200 1719 272 1773 colla
289 1718 396 1771 solutos
413 1717 479 1771 Aut
496 1717 667 1771 testudineae
685 1733 797 1771 carmen
818 1719 924 1771 inerme
941 1718 1019 1788 lyrae
1037 1735 1055 1772 a
1072 1718 1154 1772 bellis
1173 1718 1305 1786 alienum,

151 1790 228 1859 quod
241 1788 308 1842 nulli
322 1787 453 1842 iniuriam
466 1787 579 1842 faceret.
637 1790 664 1842 3.
684 1791 812 1852 seriptis
824 1794 873 1843 tot
884 1792 1014 1846 milibus
1023 1788 1153 1859 quamuis
1163 1798 1204 1843 tot
1217 1789 1306 1843 millia

151 1859 247 1929 scripti
270 1858 448 1913 confecerim.
485 1858 608 1912 Milibus
628 1874 686 1911 non
710 1858 875 1927 litterarum,
897 1860 948 1914 sed
973 1859 1214 1929 quemadmodum
1236 1860 1305 1914 dixit

151 1932 214 1984 Am.
231 1930 247 1984 i.
262 1930 286 1984 8.
305 1930 337 1998 58
355 1930 493 1982 amatoris
511 1929 605 1982 millia
626 1929 718 1983 multa
739 1930 818 2000 leges.
866 1932 921 1984 Par
941 1930 1020 1984 locus
1039 1939 1082 1984 est
1102 1929 1184 1984 Trist.
1206 1930 1233 1984 ii.
1255 1930 1305 1998 563

150 2003 218 2054 Non
230 2017 279 2071 ego
296 2001 423 2054 mordaci
436 2000 578 2054 destrinxi
590 2001 715 2054 carmine
728 2017 904 2070 quemquam,
916 2001 976 2054 Nec
991 2017 1068 2054 meus
1082 2001 1172 2055 ullius
1185 2003 1307 2055 crimina
1376 2047 1377 2051 ,

150 2088 250 2125 uersus
263 2070 351 2127 babet.
389 2070 536 2125 Candidus
551 2088 570 2123 a
587 2071 694 2124 solibus
712 2072 827 2140 suffiesis
835 2072 907 2141 selle
923 2071 1024 2141 refugi.
1060 2072 1154 2125 Nulla
1171 2077 1308 2125 uenenato

150 2144 248 2196 littera
269 2143 362 2196 menta
385 2143 443 2194 ioco
463 2147 510 2195 est.
548 2142 631 2195 Inter
649 2146 691 2195 tot
708 2143 821 2211 populi,
843 2151 892 2196 tot
915 2141 1035 2211 scripti
1060 2141 1167 2196 millia
1188 2142 1306 2210 nostri,

153 2214 242 2284 Quem
263 2230 325 2265 mea
344 2212 471 2282 Calliope
491 2213 605 2266 laeserit
628 2228 703 2265 unus
723 2229 778 2265 ero.
815 2212 898 2267 Trist.
916 2231 941 2266 v.
956 2226 979 2280 3.
996 2225 1037 2281 53,
1058 2214 1138 2266 Pont.
1157 2212 1191 2267 iv.
1210 2228 1248 2279 14.
1262 2227 1305 2280 43.

150 2287 179 2338 4.
198 2287 322 2338 Littera
332 2282 452 2352 proprie.
486 2284 566 2336 Pont.
581 2282 615 2337 iv.
633 2297 671 2348 14.
686 2282 720 2336 26
732 2284 843 2337 Littera
855 2284 888 2337 de
900 2283 978 2337 uobis
988 2289 1030 2336 est
1041 2300 1102 2336 mea
1113 2289 1211 2352 questa
1223 2283 1306 2338 nibil.

151 2357 394 2420 songrdnolsnta
418 2352 526 2423 ‘steept
550 2353 579 2407 in
603 2352 705 2406 blood’
730 2354 810 2408 Pont.
829 2353 863 2408 iv.
881 2369 919 2420 14.
936 2368 971 2420 44
994 2355 1089 2408 Extat
1112 2354 1204 2408 adbrm
1227 2371 1307 2408 nemo

151 2425 287 2480 saucius
306 2442 353 2479 ore
371 2441 438 2480 meo.
566 2427 593 2477 5.
612 2426 732 2478 laesere
749 2425 905 2493 perfectum
923 2441 975 2494 pro
993 2426 1056 2494 plus
1075 2441 1161 2494 quam
1179 2425 1305 2495 perfecto

152 2498 264 2566 Driger
278 2497 304 2550 I.
312 2513 339 2565 p.
354 2509 414 2562 233.
495 2497 523 2549 6.
542 2497 700 2549 Artificis.
711 2536 718 2549 .
729 2536 735 2549 .
746 2498 825 2550 Arte
838 2495 921 2550 Trist.
935 2495 972 2550 iii.
987 2510 1025 2561 14.
1036 2495 1054 2549 6
1066 2496 1188 2549 Artibus
1200 2496 1310 2566 artifici

151 2584 223 2637 quae
235 2583 351 2622 nocuere
361 2582 420 2620 suo.
457 2581 529 2620 oum
542 2582 598 2635 quo
611 2575 738 2635 ternpore
751 2567 892 2635 relegatus
905 2583 985 2620 sum:
1008 2583 1076 2620 nam
1092 2567 1147 2620 hoc
1160 2576 1203 2621 est
1221 2571 1307 2636 caput

146 2639 243 2708 periit.
281 2636 365 2691 Trist.
379 2636 396 2690 i.
411 2651 435 2690 2.
448 2648 479 2702 71
498 2637 559 2690 Nec
571 2641 665 2690 tamen
681 2641 714 2690 ut
727 2639 823 2691 cuncti
834 2639 968 2692 miserum
980 2652 1095 2691 seruare
1107 2637 1209 2705 uelitis,
1225 2637 1311 2706 Quod

152 2707 252 2778 periit
265 2708 379 2761 saluum
392 2708 451 2760 iam
464 2717 565 2776 caput
577 2724 632 2760 esse
638 2711 740 2777 potest.
782 2709 817 2762 Vt
828 2724 906 2761 mare
918 2708 1044 2762 subsidat
1056 2710 1201 2778 uentisque
1208 2709 1306 2778 feren-

151 2780 226 2833 tibus
244 2784 319 2847 utar,
343 2779 379 2832 Vt
395 2776 469 2831 milri
482 2781 620 2847 parcatis,
638 2795 704 2832 non
723 2778 833 2832 minus
852 2779 925 2832 exul
941 2795 995 2832 ero.
1034 2778 1134 2832 Libros
1152 2788 1210 2833 tres
1229 2778 1306 2833 Artis

152 2848 316 2904 Amatoriae
326 2865 402 2902 anno
412 2860 427 2914 7
432 2847 492 2917 52l2
503 2848 630 2902 ediderat
642 2849 774 2918 (Masson
786 2865 812 2918 p.
822 2849 857 2902 66
868 2852 973 2918 Burm.‚
985 2847 1098 2903 Clinton
1108 2851 1140 2903 F.
1152 2849 1201 2916 H.)
1212 2850 1306 2904 adhuc

153 2919 272 2987 iuuenis,
285 2936 407 2988 poenam
420 2917 470 2973 luit
483 2918 583 2973 decem
595 2929 660 2988 post
673 2920 755 2974 annis
769 2937 855 2974 senex
868 2919 962 2987 (Trist.
978 2918 1004 2973 ii.
1021 2919 1161 2989 543-546).
1228 2924 1254 2976 7.
1274 2926 1307 2974 st

152 2993 212 3046 hoo
224 2995 331 3055 ipsum
343 2990 419 3059 quod
432 3006 504 3043 unus
518 3000 568 3044 est.
649 2994 678 3045 8.
698 2993 853 3044 Candoris
865 2989 1053 3059 simplicitatis
1067 2991 1112 3044 uel
1127 2989 1306 3044 innocentiae

153 3078 209 3131 qua
221 3060 365 3115 neminem
378 3060 494 3114 adortus
507 3071 574 3115 erat.
603 3059 686 3115 Trist.
697 3060 725 3116 ii.
738 3073 785 3129 571
800 3062 861 3115 Nec
871 3060 945 3115 mibi
954 3061 1307 3130 credebileestquemquam

152 3133 292 3186 insultare
307 3133 418 3200 iacenti,
432 3131 536 3185 Gratia
551 3132 670 3186 candori
682 3133 711 3185 si
726 3149 783 3200 qua
799 3131 891 3185 relata
907 3148 966 3184 meo
977 3136 1025 3185 est.
1064 3132 1144 3184 Pont.
1158 3130 1193 3185 iv.
1211 3145 1249 3198 13.
1263 3146 1305 3199 43.

154 3201 317 3257 Contrarius
331 3211 373 3256 est
388 3201 468 3255 liuori
484 3200 580 3256 Ibidis.
671 3205 698 3256 9.
718 3205 870 3266 Quisquis
882 3205 911 3256 is
923 3207 977 3256 est.
1016 3200 1099 3255 Trist.
1111 3200 1148 3256 iii.
1161 3216 1199 3256 11.
1213 3202 1245 3270 56
1257 3202 1312 3256 Ad

151 3279 179 3328 te
199 3274 328 3343 quisquis
348 3275 375 3326 is
394 3290 423 3326 es
443 3278 540 3326 nostra
561 3273 686 3342 querella
709 3274 791 3327 redit.
838 3278 1009 3337 utcumque
1033 3281 1170 3342 quantum
1194 3289 1245 3340 per
1266 3273 1307 3327 in-

124 3357 126 3361 ’
154 3343 348 3414 dignationem
366 3342 480 3398 licebit:
502 3343 549 3397 uix
565 3343 642 3398 enim
659 3360 705 3398 me
722 3342 881 3413 reprimam.
921 3345 1000 3398 Pont.
1016 3341 1052 3397 iii.
1067 3358 1091 3411 9.
1107 3355 1139 3411 53
1158 3344 1308 3398 Postmodo

153 3415 278 3469 collectas
299 3420 449 3484 utcumque
467 3415 527 3468 sine
545 3416 642 3469 ordine
659 3416 750 3468 iunii.
788 3413 823 3468 iv.
843 3429 881 3481 14.
899 3429 914 3482 3
932 3418 1043 3485 excepto
1060 3415 1138 3482 quod
1152 3413 1245 3468 adbuc
1261 3420 1308 3469 ut·

153 3502 271 3555 cumque
294 3486 428 3539 ualemus.
507 3487 551 3539 1o.
570 3488 748 3540 inassuetas
768 3500 882 3540 monus
903 3487 936 3539 A.
950 3487 983 3539 A.
998 3485 1015 3538 i.
1030 3499 1088 3552 300.
1166 3486 1206 3538 11.
1231 3489 1309 3540 rele-

155 3563 263 3622 gatum
293 3556 414 3626 proprie,
439 3566 469 3610 ut
499 3555 559 3626 ipse
589 3565 708 3610 testatur
737 3555 824 3610 Tr'ist.
843 3555 870 3610 ii.
893 3568 940 3624 135
972 3555 1055 3610 Adde
1084 3555 1162 3625 quod
1187 3557 1309 3610 edictum
1406 3593 1408 3595 .

153 3627 287 3696 quamuis
298 3628 397 3680 inmite
413 3629 566 3696 minaxque
576 3626 713 3681 Attamen
729 3629 761 3680 in
773 3630 881 3697 poenae
891 3629 1004 3681 nomine
1018 3627 1079 3681 lene
1086 3627 1159 3697 fuit.
1199 3627 1310 3698 Quippe

154 3699 334 3766 relegatus,
350 3714 407 3751 non
425 3699 509 3766 exul,
525 3698 604 3751 dicor
620 3699 652 3752 in
670 3698 721 3752 illo
738 3699 886 3768 Primaque
894 3699 1034 3769 fortunae
1051 3703 1120 3753 sunt
1137 3699 1206 3752 data
1224 3699 1309 3752 uerba

154 3785 237 3822 meae.
274 3785 299 3822 v.
316 3783 354 3822 11.
369 3783 399 3821 21
414 3769 479 3839 Ipse
492 3769 618 3839 relegati,
632 3785 688 3822 non
704 3770 804 3838 enutri,
817 3771 914 3823 utitur
930 3771 962 3823 in
981 3787 1024 3822 me
1039 3771 1168 3823 Nomine.
1208 3769 1309 3838 Itaque

154 3854 204 3892 nec
215 3841 278 3908 opes
292 3854 342 3893 nec
356 3841 402 3892 ius
417 3841 489 3893 ciuis
505 3839 600 3908 (Trist.
613 3859 638 3894 v.
656 3855 695 3894 11.
713 3840 755 3909 15)
769 3838 871 3908 amisit,
885 3839 937 3894 etsi
951 3857 977 3894 u.
990 3840 1007 3893 6
1020 3844 1106 3911 caput
1122 3838 1175 3893 sibi
1190 3840 1309 3908 periisse

154 3918 185 3963 ut
195 3908 268 3964 exuli
280 3919 450 3978 conquestus
460 3919 511 3964 est.
565 3913 609 3964 12.
623 3915 793 3966 delituisse.
820 3911 979 3965 Perfectum
989 3911 1091 3965 eodem
1101 3909 1188 3963 modo
1198 3909 1309 3962 uidetur

127 3981 130 3986 '
154 3988 321 4048 usurpatum
338 3996 394 4048 quo
406 3981 439 4034 A.
453 3982 486 4034 A.
501 3980 528 4034 ii.
544 3981 594 4049 583
614 3982 649 4036 de
669 3984 763 4036 Marte
782 3990 809 4036 et
827 3982 939 4036 Venere
958 3980 1105 4050 deprensis
1123 3981 1191 4033 Non
1210 3980 1310 4033 uultus

154 4050 254 4103 texisse
274 4065 346 4117 suos,
367 4065 424 4103 non
447 4051 565 4120 denique
579 4056 702 4122 possunt
725 4051 861 4105 Partibus
881 4052 999 4105 obscenis
1019 4052 1179 4121 opposuisse
1198 4066 1308 4103 manus.

154 4121 313 4190 Vtrumque
323 4119 474 4188 ἀοριστικῶς
483 4138 543 4177 rem
552 4122 631 4176 breui
644 4131 789 4177 momento
799 4131 943 4191 peractam
957 4121 1112 4190 significan
1129 4119 1177 4174 uix
1189 4137 1220 4173 se
1230 4119 1310 4173 abdi-

156 4190 236 4246 derat
249 4206 315 4244 cum
328 4190 364 4244 de
376 4191 485 4246 latebra
496 4202 654 4261 protractus
667 4203 717 4248 est.
782 4195 826 4247 13.
840 4195 1049 4256 Vulneraque.
1075 4191 1158 4245 Trist.
1173 4189 1210 4244 iii.
1225 4205 1263 4244 11.
1274 4190 1308 4258 63

154 4263 204 4315 Er
221 4262 416 4330 oquicumque
427 4279 462 4330 es,
475 4265 628 4317 rescindere
645 4265 767 4318 crimina
785 4264 852 4330 noli,
869 4265 967 4331 Deque
979 4264 1073 4332 grani
1088 4263 1177 4316 duras
1192 4262 1311 4315 uulnere

154 4334 198 4387 tol
207 4350 222 4385 e
233 4348 342 4386 manus.
385 4333 472 4401 thue
483 4351 558 4387 meae
565 4335 681 4405 samam
694 4340 808 4389 tenuent
819 4334 924 4388 obliuia
936 4334 1041 4403 cumae,
1054 4333 1084 4387 F
1081 4338 1143 4386 aeta
1155 4333 1310 4386 cicatricem

155 4404 254 4457 ducere
272 4408 369 4457 nostra
387 4404 454 4458 sine.
527 4407 570 4458 16.
589 4407 703 4460 itinera
720 4415 867 4477 tamquam
885 4403 1027 4474 relliquias
1046 4413 1180 4472 mortuas,
1195 4412 1225 4457 ut
1244 4419 1309 4457 cum

158 4473 307 4542 Maduigio
328 4474 428 4544 loquar
445 4474 483 4529 ad
503 4477 600 4532 quen.
614 4475 669 4532 viii.
687 4491 743 4546 192.
816 4479 857 4532 l‘l.
884 4478 1026 4530 membra
1044 4474 1169 4545 ‘pieces'
1188 4473 1228 4529 sic
1248 4475 1307 4540 278.
