3126 4980
215 366 253 421 80
700 360 881 422 SCHOLIA

257 518 422 596 Telephum
444 520 513 580 dicit
532 518 591 596 qui,
611 530 643 577 ut
664 518 819 595 Euripides
841 530 869 577 et
884 517 988 577 Strabo
1003 525 1146 577 testantur
1163 514 1287 596 (Stroh.
1306 513 1390 594 615),

216 618 284 659 cum
298 602 381 677 Auge
401 612 493 660 matre
514 601 628 659 clausus
649 601 680 658 in
700 618 767 659 arca
785 600 899 679 delatus
918 600 956 659 ad
970 599 1183 658 Teuthrantem
1207 617 1319 675 regern
1336 609 1387 658 est.

215 680 365 741 Diodorus
381 681 414 756 (I
421 682 450 741 V.
467 680 517 760 33)
531 683 571 740 ait
589 699 650 741 non
668 682 699 739 in
718 699 785 740 arca
800 680 915 739 clausos
928 681 1025 752 fuisse,
1040 680 1093 739 sed
1110 680 1242 739 traditos
1264 681 1388 739 cuidam

217 761 325 839 hospiti
339 774 370 821 ut
384 762 561 822 deferrentur
581 773 610 821 et
631 773 847 839 exponerentur
867 772 954 839 atque
974 763 1225 838 immergerentur
1239 763 1273 819 in
1290 763 1385 837 aquis.

218 842 313 902 Matre
336 845 421 920 igitur
444 864 462 904 a
484 844 664 904 Teuthrante
687 863 757 919 rege
781 852 915 919 suscepta
938 844 1013 902 filius
1036 845 1097 902 eius
1121 843 1173 900 filii
1203 844 1290 918 regis
1318 844 1384 902 loeo
1436 848 1441 872 ¹

218 925 333 983 habitus
353 935 398 985 est
418 937 447 985 et
467 927 497 984 in
518 943 610 1001 regno
631 925 714 984 heres
735 935 803 1001 post
826 935 951 984 mortem
972 925 1162 984 Teuthrantis
1185 925 1382 984 constitutus.

219 1005 278 1065 Sed
292 1024 383 1081 quom
398 1007 454 1066 illic
469 1007 592 1067 Theben
606 1006 738 1066 habuerit
752 1018 780 1065 et
795 1007 941 1066 Pedasum
955 1017 984 1065 et
998 1005 1151 1064 Lirnesum
1162 1003 1285 1082 (Strab.
1297 1004 1382 1082 584),

218 1087 324 1163 quibus
345 1088 512 1163 imperabat,
527 1098 556 1147 et
577 1087 681 1166 quold)
700 1098 768 1164 post
784 1099 908 1146 mortem
927 1089 989 1147 eius
1004 1087 1150 1162 Euripilus
1169 1087 1288 1165 (Strob.
1306 1087 1381 1166 615)

216 1168 350 1312 possedit
364 1169 446 1243 filius,
457 1169 581 1229 Ouidius
596 1170 793 1229 Lirnesium
807 1170 914 1228 heroa
927 1169 1090 1246 appellauit
1129 1167 1197 1228 Cod.
1216 1171 1256 1245 36
1270 1168 1378 1228 Sems'n

248 1251 366 1308 atoutni.

259 1334 327 1404 465.
349 1331 497 1390 Victima
530 1332 585 1390 uel
619 1331 769 1391 Phoebo,
852 1332 1002 1407 hTerpeni
1025 1330 1194 1391 obsidentes
1219 1331 1378 1407 Liparium

219 1411 412 1472 *Theodorus
420 1415 458 1471 ab
466 1413 590 1472 inimicis
600 1414 659 1472 suis
667 1425 771 1488 captus
812 1424 938 1473 castrum
962 1413 1156 1489 promiserunt
1180 1413 1329 1488 Apollini,
1352 1415 1377 1472 si

217 1494 333 1554 Phoebo
367 1506 411 1553 est
445 1494 619 1554 immolatus.
676 1493 772 1552 *Vnde
812 1495 919 1554 iaceret
945 1513 997 1553 eos
1018 1496 1150 1563 uictores,
1174 1492 1376 1553 fortissimum

220 1575 341 1635 Gallus:
369 1575 526 1634 Theodorus
546 1582 640 1653 coptus
661 1576 771 1634 Phoebo
811 1576 1014 1652 Liparensium
1029 1576 1057 1633 ei
1070 1574 1236 1634 sacrificare.
1260 1576 1377 1635 Habita

216 1659 302 1716 datur
321 1660 417 1728 hortea,
439 1659 567 1733 quamuis
586 1656 770 1732 Nequaquam
811 1668 908 1716 autem
930 1657 1049 1715 uictoria
1070 1656 1250 1732 promissum
1274 1658 1375 1717 reddi·

217 1743 257 1799 sit
267 1741 344 1797 homo
358 1741 471 1798 utite'ena
480 1745 570 1815 grato
584 1736 654 1797 deo*
699 1737 735 1798 G.
811 1739 914 1797 derunt
941 1737 1124 1796 immolantes
1159 1738 1186 1796 ei
1223 1740 1376 1814 quendam

812 1816 956 1901 [nomine]
1008 1818 1207 1877 Theodotum.
1274 1819 1376 1878 *Vnde

814 1901 932 1961 Gallus:
950 1900 1101 1958 Theodotus
1114 1905 1187 1958 seht
1224 1900 1253 1960 C
1265 1907 1296 1958 et
1301 1902 1374 1960 Ask.

240 1982 397 2059 *lhrrheni
406 1982 771 2060 Lipareumcaslrumcum
840 1981 961 2058 *Lipare
971 1981 1374 2059 insulaAeoliaaTyrrhenis

216 2067 311 2124 armis
325 2067 459 2141 cepissent
473 2065 659 2124 fortissimum
669 2083 770 2125 eorum
811 2075 897 2140 capta
924 2063 1053 2122 unani-mi
1077 2062 1194 2122 decreto
1217 2065 1374 2141 quendam

219 2199 265 2264 τῆς
282 2200 405 2266 μητρυιᾶς
423 2197 540 2265 Καλύκης
557 2193 643 2266 henoc
660 2197 707 2266 τὴν
724 2199 875 2268 Λευκόφρυν
891 2198 931 2251 καὶ
943 2195 990 2265 ἀφ’
1003 2198 1093 2250 ἑαυτοῦ
1105 2195 1213 2248 Τένεδον
1225 2196 1375 2265 ὠνόμασεν.

219 2267 318 2320 thenes
330 2270 407 2320 Mare
476 2251 598 2322 h'methe
611 2271 688 2322 Mare
757 2268 923 2321 stamandria
937 2269 1012 2321 Mure
1076 2266 1161 2319 fratre
1174 2266 1283 2320 h’mata
1296 2270 1375 2321 Mure

219 2353 283 2391 cum
296 2337 382 2391 fratre
394 2338 471 2391 uenit
484 2340 511 2390 in
524 2338 711 2406 leucophirum
724 2340 863 2392 desertum
875 2341 953 2393 Mure
1008 2337 1152 2391 chenedon
1165 2339 1245 2391 Mare
1308 2355 1375 2391 cum

219 2407 296 2474 augia
308 2412 375 2471 Pa„
421 2414 605 2462 teutrantrum
618 2414 665 2463 Pa.
732 2426 825 2476 regem
838 2409 934 2462 missus
946 2414 987 2461 est
999 2412 1046 2462 Pa.
1117 2407 1318 2461 desererentur
1327 2413 1374 2463 Pa.

219 2483 360 2531 teutrante
373 2483 419 2534 Pa.
506 2481 710 2534 teutrantisPa.
782 2481 894 2533 thebem
906 2484 952 2534 Pa.
1025 2478 1170 2532 lemesium
1183 2481 1231 2532 Pa.
1298 2482 1375 2533 euri·

219 2550 298 2617 pillus
310 2553 361 2603 Pa.
432 2550 578 2602 temesium
591 2554 637 2605 Pa.
676 2554 699 2606 G
712 2552 732 2604 C
744 2553 810 2606 Ask.
823 2553 883 2605 haee
895 2552 988 2604 hahent
999 2552 1075 2603 nimis
1087 2569 1163 2619 qaam
1168 2550 1280 2616 fitttilia

485 2623 508 2675 G
1054 2621 1076 2673 C
1086 2623 1151 2673 Ask.

256 2689 361 2756 Lignus
379 2706 456 2756 uero,
476 2691 493 2744 i.
512 2689 652 2759 Naupolus
673 2692 774 2758 Lignes
795 2696 801 2710 ‘
836 2691 976 2759 Naupolus
986 2707 1034 2744 rex
1048 2690 1155 2743 Leenes
1165 2691 1288 2758 nymphe
1303 2692 1377 2747 filius

205 2761 334 2832 nimphe
359 2761 429 2813 filius
455 2769 496 2814 est
526 2778 608 2830 quem
638 2764 775 2816 Acrinites
814 2760 1060 2833 [fuitAsk.]quem
1069 2760 1376 2832 Asacriminides(Asa·

222 2846 308 2899 nepos
324 2848 397 2898 suaa,
409 2832 473 2901 quia
485 2833 640 2886 Demedem
657 2840 775 2886 matrem
813 2833 931 2887 crinides
943 2830 1021 2900 Ask.)
1038 2848 1123 2899 nepos
1140 2848 1212 2896 suus,
1226 2833 1292 2900 quia
1313 2851 1376 2888 ma·

220 2918 297 2954 suam
310 2908 435 2971 stuprare
448 2904 544 2970 uoluit,
555 2905 581 2956 in
595 2920 671 2957 mare
683 2905 775 2972 proie-
813 2911 885 2956 trem
906 2903 1115 2955 Detrimestram
1135 2903 1222 2955 uoluit
1242 2909 1377 2971 stuprare

221 2975 271 3027 cit.
306 2974 387 3027 Vnde
413 2974 549 3028 Perseus:
581 2974 722 3044 Naupolus
745 2980 775 3026 et
816 2975 892 3042 (quia
915 2974 1141 3038 clitemnestram
1165 2973 1224 3025 eius
1249 2985 1376 3028 matrem

222 3045 347 3110 quamuis
365 3052 477 3113 patruus
495 3047 566 3114 perit
585 3061 651 3098 ense
668 3045 776 3115 nepotis
814 3051 938 3112 stuprare
946 3042 1148 3112 uoluitAsk.)in
1155 3059 1231 3096 mare
1241 3045 1376 3111 proiecit.

222 3115 260 3168 Et
272 3116 361 3170 uoluit
372 3122 452 3170 natus
464 3133 523 3170 esse
540 3132 633 3186 nepos.
815 3116 894 3168 Vnde
930 3115 1106 3182 Propertius:
1161 3113 1304 3181 Naupolus
1345 3124 1376 3171 et

814 3185 938 3254 quamuis
950 3192 1062 3252 patruus
1071 3185 1142 3254 perit
1152 3185 1244 3254 (periit
1255 3184 1292 3251 C)
1304 3203 1376 3242 ense

814 3257 935 3325 parentis
948 3256 985 3309 Et
998 3257 1085 3310 uoluit
1097 3262 1176 3310 natus
1193 3271 1252 3309 esse
1266 3266 1377 3325 nepote

813 3344 896 3395 pnor.

223 3401 313 3453 Versus
325 3402 352 3453 in
364 3401 430 3454 Ask.
443 3419 490 3453 non
502 3409 601 3465 extant,
613 3401 640 3452 in
653 3399 788 3468 Saluagnii
800 3401 878 3452 codiee
889 3409 913 3452 et
924 3398 962 3451 ed.
974 3401 1063 3452 Paris.
1080 3412 1144 3463 1573
1158 3398 1195 3450 sie
1205 3400 1299 3467 scripti
1310 3411 1378 3454 sunt

221 3469 366 3537 Naupotus
379 3470 506 3522 Ascintae
524 3475 635 3537 patruus
652 3471 723 3537 perit
740 3485 806 3522 ense
822 3468 930 3537 nepotis
947 3469 984 3520 Et
996 3469 1084 3522 uoluit
1096 3469 1167 3520 natis
1179 3483 1238 3520 esse
1252 3479 1378 3535 parente

221 3540 305 3606 prior.
341 3539 451 3607 Conflata
468 3542 528 3592 haee
541 3541 611 3592 eredo
626 3560 658 3594 ex
672 3540 793 3608 relliquiis
802 3542 950 3608 glossarum
965 3540 995 3591 de
1007 3540 1116 3609 Telepho.
1153 3539 1224 3591 Nam
1237 3539 1377 3608 Nauplius

221 3609 352 3678 Telephum
373 3612 511 3678 expositum
533 3610 635 3677 reliquit
658 3609 744 3677 (Diod.
769 3613 813 3664 IV.
834 3610 888 3678 33),
907 3611 947 3665 uel
962 3613 1051 3678 genuit
1070 3610 1172 3678 (Script.
1191 3610 1278 3674 Myso.
1294 3621 1336 3664 ea.
1357 3633 1377 3667 a
1403 3671 1408 3680 s

221 3681 299 3732 Bodio
312 3692 340 3749 p.
354 3678 399 3748 64)
410 3699 421 3733 .·
444 3680 559 3748 ‘Telephus
571 3692 656 3734 autem
674 3684 701 3735 in
717 3700 790 3734 mare
804 3684 930 3750 proiectus
947 3694 970 3734 et
984 3683 1096 3748 Mysiam
1107 3681 1216 3745 delatus,
1229 3679 1273 3733 ubi
1284 3695 1379 3738 mater

221 3752 296 3818 Auge
313 3751 383 3819 apud
399 3769 482 3819 regem
495 3752 671 3804 Teuthrantem
685 3764 734 3821 pro
748 3751 806 3815 filia
821 3753 964 3807 habebatur
977 3749 1054 3821 (Hyg.
1067 3750 1125 3821 99),
1137 3752 1204 3804 hane
1215 3753 1242 3803 in
1254 3755 1378 3823 coniugio

220 3823 313 3874 inscias
324 3823 419 3889 accepit
434 3823 534 3889 iamque
549 3841 606 3875 eum
622 3842 652 3875 ea
668 3825 777 3876 reiturus
793 3835 850 3877 erat
868 3824 918 3876 nisi
935 3825 990 3892 ipsa
1002 3842 1059 3876 eum
1072 3835 1150 3892 paene
1165 3823 1336 3888 interfecisset
1357 3846 1377 3880 a

221 3894 328 3946 mortali
351 3892 435 3944 nolens
460 3894 555 3946 uiolari
580 3893 659 3962 (Hyg.
682 3892 754 3963 100).
787 3894 836 3946 Sed
850 3906 875 3947 et
892 3912 978 3946 nomen
1000 3894 1214 3959 Clytaemnestrae
1230 3911 1263 3943 ex
1282 3897 1378 3949 eadem

220 3965 329 4085 iim
345 3966 426 4031 potuit
437 3975 525 4032 petere
540 3964 617 4033 (Hyg.
633 3963 705 4033 τοι).
735 3964 826 4016 Etiam
840 3965 924 4019 Crinis
936 3966 1067 4032 tensorum
1084 3964 1198 4017 sacerdos
1211 3973 1273 4016 teste
1285 3965 1378 4021 Schol.

240 4036 425 4100 ea.11.1.39.⁴

256 4109 317 4171 4⁶5·
336 4105 600 4176 Historiaesaspectae
666 4105 786 4172 lipanum
797 4107 861 4159 Ask.
935 4105 1109 4172 lippariumG
1180 4108 1304 4157 castrum
1316 4111 1379 4164 uide

219 4178 290 4230 Seru.
306 4179 370 4232 Aen.
383 4179 434 4230 ΙΙΙ.
449 4194 497 4242 531
573 4177 809 4245 lippariensiumC
879 4174 917 4244 ei]
932 4196 980 4230 om.
993 4178 1058 4230 Ask.
1133 4176 1196 4228 etC
1263 4179 1377 4232 sacrifi·

219 4254 315 4300 carent
329 4248 462 4302 CetAsh.
569 4248 705 4315 quendam
720 4248 784 4299 Ask.
891 4248 1009 4314 quemG
1112 4245 1222 4298 nomine
1236 4264 1286 4299 om.
1303 4250 1377 4305 Ask.

220 4317 386 4371 Theudotus
406 4318 583 4386 (Theodotus
600 4321 638 4371 ed.
656 4318 733 4386 Par.)
753 4319 781 4369 in
801 4316 872 4369 bello
891 4320 942 4372 cod.
962 4319 1032 4370 Sala.
1050 4328 1075 4370 et
1092 4319 1129 4370 ed.
1148 4318 1236 4369 Paris.
1318 4336 1378 4375 nec

220 4390 412 4456 quanquamC
509 4391 534 4440 P
549 4408 612 4457 quae
630 4390 706 4442 hahet
726 4390 812 4441 eadem
826 4388 887 4454 fere
907 4399 966 4443 sant
985 4392 1011 4442 in
1032 4389 1070 4441 ed.
1088 4389 1176 4441 Paris.
1197 4401 1263 4452 1573
1285 4390 1331 4443 ubi
1349 4406 1379 4447 et

220 4477 306 4512 aereas
378 4458 495 4513 Thireni
512 4459 644 4527 lipareum
661 4474 725 4512 cum
740 4459 911 4517 misissent‘P
996 4459 1136 4528 Tyrrheni
1152 4473 1215 4512 cum
1231 4459 1378 4526 cepissent
