3038 4988
513 365 860 427 COMMENTARIVS.
1142 418 1144 423 .
1205 362 1264 428 135'

112 525 151 579 si's
170 523 309 593 explicare
330 521 367 592 (ι)
382 523 425 578 ‘et
447 522 492 577 hic
514 525 574 576 Irus
594 516 657 578 vtibi
673 527 775 578 maior
795 531 974 578 accrescente
996 524 1104 592 syllaba
1126 520 1269 594 erit’lpoc'·

111 598 183 665 ‹ltpor
203 596 257 649 Od.
277 594 351 648 xviii.
371 607 414 662 73,
433 594 461 647 h.
472 612 494 649 e.
515 611 572 647 non
594 597 655 648 lrus
676 595 776 661 solum,
795 595 847 648 sed
869 597 930 648 Irus
953 611 1018 648 curn
1037 595 1197 658 infortunio
1216 597 1262 650 uel

114 666 153 736 (2)
175 665 283 720 ‘ethic
307 667 368 719 Irus
391 667 485 718 maior
507 665 634 733 superior
654 664 705 718 tibi
728 675 756 718 et
777 675 923 735 tamquam
949 665 1080 719 dominus
1102 665 1262 734 habebitur,

111 754 176 790 cum
196 737 256 805 ipse
273 735 311 790 sis
329 738 405 789 inter
416 752 515 789 raucos
532 737 651 789 ultimus
663 738 822 807 rogatores,'
835 738 879 790 uel
894 735 932 802 (3)
948 736 1010 805 ‘qui
1023 736 1073 790 tibi
1088 739 1149 790 Irus
1163 739 1262 806 maior,

112 818 142 864 ut
156 817 185 860 tu
200 809 261 860 Irus
275 809 370 860 minor
380 806 450 860 eris’
467 806 568 860 eodem
586 824 670 860 sensu
684 824 740 876 quo
758 808 869 860 Seneca
882 806 950 861 dixit
969 809 1006 861 H.
1021 809 1057 861 O.
1072 808 1137 873 1787
1152 809 1263 877 Siquis

112 880 208 931 minor
229 879 345 931 Busiris
368 883 421 931 aut
443 879 556 945 siquis
581 880 677 930 minor
697 878 829 931 Antaeus
852 878 879 930 h.
899 896 923 931 e.
950 877 1125 945 cognominis
1150 878 1189 932 sis
1216 881 1263 932 Iro

111 950 240 1016 Vlysseo,
266 947 344 1001 cuius
369 959 399 1001 tu
423 948 504 1017 quasi
529 947 601 1000 filius
632 949 678 1001 uel
707 965 797 1017 nepos
826 948 874 1015 sis,
899 965 1020 1018 eumque
1044 951 1178 1002 maiorem
1202 949 1267 1004 siue

113 1019 252 1072 seniorem
272 1036 339 1087 prae
357 1029 384 1072 te
400 1017 507 1072 iuniore
524 1018 651 1072 uindices
666 1018 738 1072 ‘and
753 1035 809 1086 you
826 1019 898 1072 shall
916 1019 984 1072 hold
1003 1018 1062 1071 him
1081 1037 1151 1087 your
1169 1020 1263 1073 senior

113 1089 141 1142 in
155 1091 203 1143 the
216 1107 300 1143 name
309 1091 326 1143 :'
339 1090 384 1143 uel
399 1088 437 1156 (4)
452 1089 528 1157 quod
541 1088 637 1142 elicias
650 1107 684 1142 ex
696 1090 781 1143 Rosc.
790 1091 853 1142 Am.
866 1103 881 1156 3
886 1102 907 1157 5.
920 1105 969 1142 100
980 1089 1065 1143 liabeo
1076 1091 1161 1142 etiam
1174 1091 1264 1144 dicere

112 1177 193 1229 quem
214 1167 312 1214 contra
337 1177 440 1212 morem
462 1162 603 1212 maiorum
628 1162 764 1213 minorem
788 1162 874 1213 annis
896 1163 1046 1230 sexaginta
1069 1161 1103 1214 de
1121 1165 1208 1230 ponte
1231 1163 1263 1214 in

116 1231 237 1284 Tiberim
257 1232 384 1285 deiecerit
404 1229 466 1299 ‘qui
490 1234 551 1284 tibi
575 1230 603 1282 in
626 1241 705 1284 tuum
730 1231 912 1284 infortunium
936 1234 1037 1285 maior
1061 1230 1112 1284 erit
1132 1231 1214 1285 annis
1236 1233 1265 1285 lx

112 1301 232 1371 ideoque
250 1301 278 1354 in
296 1302 400 1355 flumen
419 1300 572 1368 deicietur,’
592 1301 667 1370 quod
686 1301 786 1355 melius
806 1319 874 1355 sane
888 1302 925 1354 ad
937 1305 1061 1365 Quique
1078 1308 1165 1356 tenet
1178 1319 1263 1372 quam

113 1373 150 1426 ad
160 1377 206 1425 Iri
218 1373 362 1426 referatur.
400 1371 478 1424 ‘And
490 1389 556 1440 may
564 1389 619 1440 you
632 1373 705 1425 have
715 1372 828 1426 besides
839 1373 887 1426 the
897 1373 961 1425 luck
971 1373 1004 1425 of
1011 1374 1072 1426 Irus
1086 1374 1134 1426 the
1148 1373 1263 1426 double-

113 1443 226 1511 named,
240 1443 296 1496 and
310 1444 342 1496 os
355 1444 402 1496 the
415 1442 522 1510 beggar
534 1443 595 1496 that
609 1443 711 1496 haunts
722 1444 770 1496 the
783 1443 882 1510 bridge
895 1463 901 1507 ;
920 1444 977 1496 and
983 1460 1062 1512 your
1072 1444 1178 1511 beggar
1191 1445 1263 1496 shall

112 1514 148 1567 be
167 1514 214 1567 old
233 1515 345 1582 enough
364 1524 394 1567 to
412 1514 448 1566 be
470 1513 499 1565 in
513 1513 620 1582 danger
633 1513 765 1581 oibeing
783 1515 892 1567 thrown
911 1531 978 1568 over
997 1513 1017 1567 it
1036 1514 1094 1567 and
1112 1514 1263 1568 drowned.’

115 1585 265 1652 ingeniose
277 1585 332 1638 Ad.
347 1585 501 1638 Neubauer
513 1588 567 1648 qui
582 1583 677 1653 (pons)
691 1588 752 1639 tibi
763 1589 874 1639 mabor
886 1599 963 1654 alyn
976 1588 1044 1651 erit,
1057 1585 1083 1638 h.
1094 1602 1118 1638 e.
1135 1602 1220 1655 quern
1233 1595 1263 1638 tu

112 1654 203 1724 patrio
221 1655 336 1708 nomine
355 1673 412 1708 non
431 1666 461 1709 ut
480 1655 603 1708 Romani
621 1665 746 1724 pontem,
766 1656 817 1709 sed
834 1665 864 1708 ut
881 1672 953 1708 unus
966 1673 982 1708 e
995 1655 1077 1724 plebe
1093 1655 1262 1708 ludaeorum

114 1725 257 1779 Hebraico
276 1727 415 1780 uocabulo
433 1740 511 1796 aaut)
530 1726 696 1795 appellabis.
740 1726 824 1795 Quod
843 1725 866 1779 si
885 1743 980 1779 uerum
1002 1735 1053 1794 est,
1072 1735 1119 1779 aut
1140 1726 1263 1779 Iudaeus

111 1796 163 1850 fuit
178 1796 236 1850 Ibis
250 1807 297 1850 aut
311 1807 386 1851 certe
399 1815 433 1851 ex
445 1797 560 1866 regione
574 1797 707 1864 Orientis,
720 1797 839 1851 tortasse
852 1795 1016 1865 Aegyptius.
1076 1798 1142 1851 419.
1160 1800 1263 1851 Filius

112 1870 236 1922 Cereris
254 1878 284 1921 ut
303 1869 409 1936 primus
430 1868 564 1922 intellexit
582 1869 649 1922 Ant.
665 1869 775 1922 Urceus
795 1867 912 1935 Codrus,
926 1877 998 1920 teste
1018 1867 1115 1921 Const.
1130 1867 1262 1936 Fanensi,

112 1949 155 1992 est
167 1940 263 1992 Plutus
277 1939 346 1992 deus
361 1939 531 1993 diuitiarum.
560 1941 630 1992 Hes.
641 1939 748 2007 Theog.
760 1938 812 2007 969
822 1937 942 2005 Δημήτηρ
955 1937 1002 2005 μὲν
1010 1940 1132 1990 Πλοῦτον
1140 1937 1263 2006 ἐγείνατο,

112 2009 154 2063 δῖα
175 2010 264 2074 θεάων,
286 2008 373 2080 Ἰασίῳ
393 2010 456 2077 ἥρωϊ
474 2010 571 2079 μιγεῖσ’
592 2011 668 2078 ἐρατῇ
689 2011 811 2077 φιλότητι
833 2008 900 2077 Νειῴ
919 2010 955 2060 ἔνι
973 2011 1097 2078 τριπόλῳ,
1117 2007 1217 2078 Κρήτης
1236 2009 1264 2062 ἕν

111 2080 180 2134 πίονι
198 2080 277 2152 δήμῳ.
316 2080 459 2134 Diodorus
485 2099 510 2134 v.
534 2093 567 2147 77
595 2081 667 2134 duas
696 2096 797 2133 causas
824 2079 947 2132 nominis
975 2079 1048 2132 Pluti
1077 2079 1175 2147 adfert,
1202 2079 1263 2133 siue

112 2151 142 2203 τὸ
160 2154 251 2204 πλεῖον
272 2155 323 2204 τῶν
348 2153 446 2219 ἱκανῶν,
469 2150 529 2204 siue
554 2151 630 2221 quod
656 2149 829 2204 coaceruatis
852 2149 957 2203 diuitiis
977 2151 1048 2220 plus
1069 2168 1181 2219 semper
1205 2150 1263 2204 fiat.

111 2223 231 2276 mustra
252 2229 375 2276 ametur
396 2223 499 2276 trustra
520 2239 538 2275 a
561 2232 590 2276 te
615 2222 763 2275 inuocetur
785 2230 815 2274 ut
840 2220 868 2273 in
890 2230 968 2274 tuam
991 2221 1107 2274 domum
1126 2220 1265 2274 ἐπείσοδον

114 2291 213 2361 (Soph.
232 2292 265 2347 fr.
284 2294 347 2361 252)
369 2292 472 2348 saciat:
501 2292 537 2346 de
560 2309 615 2362 qua
636 2310 666 2346 re
689 2293 723 2346 cf.
745 2291 943 2360 Aristophanis
964 2293 1076 2345 Plutum
1097 2301 1124 2346 et
1146 2291 1262 2345 Luciani

112 2363 271 2417 Timonem.
308 2363 380 2417 Tim.
403 2364 437 2417 26
457 2368 517 2418 Πῶς
537 2365 638 2431 τυφλὸς
656 2363 691 2415 ὧν
713 2400 720 2416 .
739 2403 746 2416 .
767 2401 773 2414 .
793 2361 934 2417 τοσούτους
952 2362 1083 2431 ἐραστὰς
1100 2363 1185 2432 &you
1206 2359 1272 2433 οἶδα

110 2438 175 2503 γοῦν
187 2455 257 2488 τινας
270 2435 314 2487 οὐκ
326 2434 431 2502 ὀλίγους
442 2435 524 2488 αὐτῶν
537 2433 602 2487 οὕτω
616 2455 665 2488 σου
678 2432 851 2503 δυσέρωτας
863 2431 938 2486 ὄντας
950 2434 1017 2485 ὥστε
1031 2434 1071 2486 καὶ
1083 2433 1110 2487 ἐς
1118 2432 1263 2500 βαθυκήτεα

111 2506 206 2557 πόντον
223 2502 346 2574 φέροντες
365 2503 479 2574 ἕῤῥιψαν
496 2503 596 2558 αὑτούς.
715 2507 786 2558 420.
805 2508 966 2559 Destituat
983 2521 1058 2568 opes
1079 2503 1173 2557 ‘leave
1193 2521 1264 2572 your

112 2576 222 2628 fortune
235 2575 263 2627 in
281 2576 330 2629 the
346 2577 441 2629 lurch’
460 2575 515 2629 alio
528 2593 559 2629 se
573 2592 685 2644 semper
697 2576 823 2629 conterat
840 2592 893 2629 nec
912 2585 940 2628 te
953 2574 1055 2628 adeat:
1075 2574 1146 2627 mira
1158 2574 1262 2628 locutio

112 2662 198 2714 quam
213 2645 325 2701 uidetur
341 2647 530 2712 adsimulasse
545 2647 582 2700 ad
599 2646 693 2700 notius
711 2649 787 2716 rpem
803 2647 959 2700 destituere.
998 2647 1067 2699 Hes.
1086 2647 1193 2714 Theog.
1210 2659 1262 2714 973

111 2717 148 2786 τῷ
170 2717 196 2768 δι’
218 2719 322 2785 τυχόντι
344 2720 385 2770 καὶ
407 2716 437 2770 οὗ
456 2716 477 2769 κ’
497 2718 524 2772 ἐς
542 2720 631 2787 χεῖρας
651 2716 742 2784 ἵκηται,
764 2714 838 2769 Τθνδ’
860 2716 966 2784 ἀφνειὸν
983 2716 1065 2782 ἔθηκε,
1084 2716 1169 2769 πολύν
1189 2716 1217 2769 τὲ
1239 2718 1264 2768 οἱ

111 2786 215 2840 ὤπασεν
228 2786 318 2850 ὄλβον.
358 2787 529 2841 Huiusmodi
542 2799 640 2847 uotum
658 2787 708 2841 sed
724 2797 816 2841 ratum
829 2797 904 2841 extat
918 2786 947 2840 in
960 2786 1173 2856 Epigrammate
1187 2787 1265 2856 quod

112 2857 200 2911 edidit
224 2857 370 2912 Kaibelius
395 2874 460 2926 1133
478 2855 512 2910 'u
533 2863 581 2912 Ζεῦ
602 2860 690 2928 πάτερ,
711 2855 766 2910 αἵθε
785 2857 913 2912 πλούσιος
930 2857 1086 2938 γεν[οίραν].
1123 2854 1195 2923 Ἤδη
1216 2859 1264 2925 μέν

111 2930 157 2994 ἤδη
182 2927 269 2983 πλέον.
313 2928 381 2998 [ἀ]π’
409 2931 458 2999 ἄρα
485 2929 588 2992 βέβακε.
640 2932 685 2982 De
709 2928 781 2982 Pluti
807 2929 882 2982 cultu
912 2927 1066 2996 disputauit
1092 2927 1209 2996 Dilthey
1233 2927 1264 2981 in

112 2998 239 3068 Gotting.
260 2999 322 3054 Ind.
343 3001 437 3054 Schol.
454 3002 528 3067 1879,
548 3000 594 3070 qui
613 3000 710 3053 laudat
732 3001 817 3052 Hom.
840 3000 877 3053 H.
896 3000 958 3052 Cer.
971 2998 1024 3064 486
1043 3008 1070 3052 et
1091 2998 1263 3052 Homericae

113 3070 256 3123 lresionae
269 3069 388 3125 initium.
494 3075 561 3125 421.
580 3071 675 3124 Verba
694 3069 735 3124 sic
754 3079 893 3138 construe,
911 3072 1016 3132 thue
1034 3072 1120 3122 unda
1137 3072 1263 3123 labente

110 3157 167 3204 per
185 3144 323 3195 alternos
341 3158 488 3196 recursus
506 3142 533 3196 h.
544 3160 566 3195 e.
586 3141 730 3210 reciproco
745 3141 854 3208 allapsu
870 3149 964 3194 aestus
982 3156 1151 3208 recursuque
1165 3139 1263 3193 ‘while

111 3212 159 3264 the
173 3229 250 3265 wave
263 3212 353 3294 glides
367 3230 403 3265 on
417 3213 522 3280 ebbing
539 3213 596 3266 and
612 3211 725 3280 flowing
738 3211 921 3278 alternately)
958 3211 1040 3278 Prop.
1054 3209 1092 3263 iii.
1105 3207 1163 3278 (iv.)
1178 3224 1217 3264 12.
1228 3212 1262 3264 28

109 3282 236 3335 alternas
253 3284 339 3335 scissa
360 3283 494 3353 carybdis
515 3300 610 3352 aquas.
718 3284 790 3335 422.
809 3297 918 3345 presso
942 3279 1059 3349 singulis
1080 3280 1211 3349 passibus
1233 3280 1262 3334 in

110 3353 247 3406 harenam
264 3352 383 3408 sidente.
422 3354 564 3407 Minucius
582 3355 711 3407 Octau.2
733 3353 814 3406 molli
831 3353 950 3421 uestigio
967 3352 1062 3405 cedens
1077 3351 1184 3404 harena
1200 3353 1262 3405 sub-

110 3424 220 3478 stiteret.
259 3426 357 3492 Henry
376 3424 521 3478 Aeneidea
540 3423 577 3478 iii.
597 3441 623 3493 p.
643 3424 676 3489 67
697 3423 774 3477 ‘The
794 3422 848 3476 soit
868 3422 939 3475 sand
962 3421 985 3474 is
1007 3421 1171 3476 withdrawn
1189 3423 1262 3476 from

111 3495 160 3548 the
184 3510 314 3563 pressure
339 3496 371 3548 of
392 3496 440 3548 the
461 3496 528 3562 soot,
554 3495 571 3549 i.
589 3512 613 3548 e.
639 3494 744 3548 affords
768 3511 806 3547 no
825 3495 911 3564 point
929 3493 1048 3563 dnppui
1068 3502 1097 3547 to
1119 3493 1167 3546 the
1186 3493 1263 3548 foot!
1337 3535 1340 3540 .

110 3567 182 3618 423.
200 3569 381 3629 nescioquo
399 3565 495 3620 nescio
514 3566 665 3635 quomodo,
678 3575 708 3618 ut
728 3564 774 3618 uix
793 3564 907 3619 sentias.
946 3563 993 3617 Sic
1012 3581 1069 3632 qua
1085 3565 1155 3617 Aen.
1170 3563 1185 3618 i.
1200 3564 1261 3632 680,

111 3652 203 3705 nequo
224 3637 295 3690 Aen.
309 3635 326 3690 i.
339 3637 400 3690 682.
432 3640 585 3700 liquescat
607 3636 678 3690 ‘still
702 3637 770 3690 melt
795 3653 875 3704 away
899 3636 965 3689 And
987 3633 1040 3704 slip
1062 3634 1189 3688 between
1211 3636 1262 3704 thy

112 3706 215 3774 fingers
235 3707 291 3775 day
307 3707 346 3776 by
358 3707 430 3775 day’
451 3709 472 3761 Ι.
488 3709 572 3760 Iones
586 3706 688 3776 (1658).
837 3709 909 3777 424.
927 3723 985 3770 per
1001 3709 1122 3759 mediae
1139 3723 1263 3761 manus.

112 3778 195 3846 Prop.
208 3776 243 3832 iv.
262 3775 310 3845 (v.)
328 3793 353 3843 4.
368 3792 400 3830 22
419 3778 552 3846 Interque
568 3772 668 3831 oblitos
685 3779 790 3832 excidit
804 3794 880 3831 urna
896 3794 1006 3830 monus.
1043 3779 1156 3831 effluat.
1195 3778 1260 3831 Sen.

111 3848 183 3914 Thy.
199 3848 249 3916 536
262 3849 322 3903 Atr.
338 3849 409 3917 Quis
420 3848 565 3917 influentis
580 3849 655 3902 dono
666 3851 813 3903 Fortunae
828 3849 950 3901 abnuit?
974 3849 1046 3916 Thy.
1060 3849 1206 3917 Expertus
1222 3852 1263 3900 est

111 3919 278 3988 quicumque
290 3920 470 3989 quamfacile
480 3919 602 3988 estinant.
648 3923 720 3974 425.
731 3926 822 3984 pater
832 3918 1021 3986 Erysichthon
1032 3922 1142 3972 solitae
1154 3921 1261 3972 uarias

110 3995 236 4044 mutare
252 3992 372 4054 figuras
392 3991 526 4058 Mestrae,
549 4007 621 4059 quae
643 4000 674 4043 ut
691 4000 801 4058 patrem
818 3998 988 4043 sustentaret
1004 3988 1164 4057 inexplebili
1185 3989 1260 4041 fame

111 4059 296 4128 laborantem,
311 4060 437 4129 Neptuni
455 4060 531 4113 dono
544 4077 561 4114 a
574 4078 630 4130 quo
642 4077 805 4129 compressa
820 4069 888 4127 erat,
902 4058 931 4112 in
948 4058 1041 4112 uarias
1055 4059 1157 4126 figuras
1170 4075 1261 4128 equae

111 4129 185 4184 alitis
195 4130 277 4185 bouis
291 4131 366 4184 cerui
379 4149 410 4185 se
422 4132 649 4199 transformabat,
658 4141 743 4200 atque
752 4133 807 4184 hoc
820 4130 906 4183 modo
919 4129 1000 4182 nouis
1013 4146 1126 4197 semper
1137 4128 1260 4182 dominis

111 4202 285 4256 uenumdata
296 4201 387 4271 pretio
400 4202 443 4255 sui
460 4212 607 4271 parentem
622 4202 716 4256 alebat
731 4201 813 4270 (Met.
826 4200 883 4255 viii.
896 4201 1040 4266 847·874).
1079 4198 1155 4252 Hinc
1167 4201 1261 4253 παντό-

110 4273 213 4340 poppae
225 4273 327 4327 dicitur
338 4274 402 4341 Lyc.
418 4287 492 4341 1393.
517 4276 624 4327 uarias
636 4279 758 4326 mutare
770 4275 889 4336 figuras
902 4270 943 4325 ‘to
956 4270 1022 4323 shitt
1036 4270 1107 4322 from
1121 4286 1174 4323 one
1187 4269 1260 4322 form

111 4351 141 4395 to
154 4345 289 4398 another)
342 4346 413 4398 426.
428 4346 545 4397 Plenus
558 4360 729 4413 quamquam
742 4354 828 4397 satur.
850 4345 1025 4397 inextincta
1035 4343 1117 4394 fame
1129 4357 1186 4417 qua
1195 4357 1259 4394 eam

113 4414 198 4467 Ceres
211 4415 285 4468 ultus
298 4425 341 4468 est
354 4415 430 4483 quod
441 4414 469 4467 in
481 4414 568 4468 Dotio
580 4415 680 4469 Cariae
693 4431 804 4468 sacrum
818 4414 888 4466 deae
900 4415 994 4466 lucum
1007 4412 1185 4465 deuastasset
1197 4413 1259 4465 Cal-

111 4482 169 4538 lim.
180 4487 217 4539 H.
228 4486 290 4539 Cer.
299 4485 394 4554 25-65,
405 4487 475 4541 Met.
483 4484 538 4540 viii.
549 4498 608 4552 741.
641 4488 714 4540 Eam
726 4486 831 4540 famem
842 4484 915 4540 salse
926 4482 1060 4538 describit
1069 4481 1259 4538 Callimachus
