3038 4988
275 378 332 434 186
512 395 515 400 ·
738 376 961 437 EXCVRSVS.

273 531 332 586 uim
345 530 405 586 eius
418 530 447 585 in
460 548 492 587 se
505 532 652 601 conuertit,
661 542 689 588 et
702 534 739 588 ab
752 549 787 589 eo
800 542 962 603 peremptus
975 541 1027 588 est.
1056 530 1140 587 Diod
1155 531 1192 588 iii.
1203 531 1238 599 67
1251 534 1298 587 τὸν
1310 532 1337 586 δὲ
1351 532 1419 587 Λίνον

272 604 315 657 ἐπὶ
331 605 448 670 ποιητικῇ
466 604 506 656 καὶ
523 604 637 673 μελωδίᾳ
653 604 834 674 θαυμασθέντα
845 605 963 673 ’μαθητάς
979 605 1056 673 σχεῖν
1066 602 1191 672 πολλούς,
1204 604 1420 674 ἐπιφανεστάτους

272 674 301 727 δέ
318 675 387 739 τρεῖς
397 671 529 741 Ἠρακλέα
542 673 664 744 θαμύραν
676 675 717 728 καὶ
728 673 837 745 Ὀρφέα.
872 674 975 728 Τούτων
988 674 1015 727 δὲ
1027 677 1072 728 τὸν
1083 674 1130 744 μέν
1139 671 1274 742 Ἡρακλέα
1291 674 1421 743 κιθαρίζειν
1451 680 1455 688 ’

272 744 433 812 μανθάνοντα
450 744 493 815 διὰ
512 745 558 813 τὴν
573 747 618 811 τῆς
635 746 725 816 ψυχῆς
742 745 891 816 βραδυτῆτα
908 745 942 813 μὴ
959 744 1084 799 δύνασθαι
1102 745 1228 812 δέξασθαι
1245 745 1292 813 τὴν
1305 746 1421 814 μάθησιν,

271 812 350 869 ἔπειθ’
371 815 421 868 ὑπὸ
442 819 488 869 τοῦ
509 816 586 870 Λίνου
606 818 718 887 πληγαῖς
738 816 917 885 ἐπιτιμηθέντα
941 815 1127 886 διοργισθῆναι,
1149 817 1190 869 καὶ
1212 817 1244 883 τῇ
1269 817 1360 887 κιθάρᾳ
1381 817 1422 869 τὸν

273 885 431 939 διδάσκαλον
449 887 597 953 πατάξαντα
615 886 769 940 ἀποκτεῖναι.
808 887 898 941 Plaut.
918 887 1023 941 Bacch.
1042 886 1060 942 ἰ.
1075 901 1101 940 2.
1116 901 1151 954 43
1171 887 1242 955 Lyd.
1260 888 1423 958 Magistrum

272 974 440 1027 quemquam
458 959 629 1028 decipulum
647 959 834 1012 minitarier?
871 957 1013 1012 Pistocler.
1034 958 1098 1011 Iam
1114 959 1230 1011 excessit
1245 960 1290 1011 mi
1304 964 1380 1011 aetas
1392 975 1426 1012 ex

272 1030 435 1096 magistem'o
453 1034 509 1082 tuo.
549 1029 616 1097 Lyd
636 1030 694 1083 Nil
709 1044 806 1082 moror
820 1029 973 1100 discipulas
990 1028 1065 1082 milii
1078 1046 1135 1081 esse
1149 1029 1252 1099 plenos
1268 1030 1423 1100 sanguinis.

278 1099 379 1152 Valens
399 1099 513 1168 afflictet
531 1116 575 1152 me
596 1101 725 1153 naeinam
747 1100 864 1153 uirium.
910 1099 1053 1153 Pistocler.
1076 1100 1170 1168 Fiam,
1192 1105 1227 1152 nt
1246 1116 1298 1170 ega
1319 1101 1424 1169 apz'ner,

272 1169 418 1236 Hercules,
434 1174 467 1223 tu
485 1175 579 1224 autem
597 1171 698 1223 Linus.
736 1172 817 1224 Haec
836 1171 925 1225 altera
942 1169 1092 1239 explicatio
1110 1170 1299 1239 praeferenda
1317 1170 1425 1224 uidetur

273 1239 334 1292 siue
347 1239 424 1308 quod
437 1240 537 1294 melius
551 1239 591 1294 sic
604 1240 697 1294 uerbis
710 1247 811 1309 poetae
825 1240 986 1308 consulitur,
1000 1257 1064 1294 cum
1079 1239 1141 1295 Lini
1154 1241 1337 1296 seueritatem
1350 1241 1425 1294 laesa

273 1310 372 1364 dextra
389 1310 520 1364 Herculis
537 1328 610 1380 quae
629 1311 724 1380 sensit,
740 1312 843 1366 eadem
860 1310 1019 1379 ulciscatur,
1032 1311 1092 1365 siue
1109 1312 1186 1381 quod
1204 1311 1279 1366 inter
1296 1311 1425 1380 antiquos

273 1381 357 1436 ualde
370 1378 489 1434 celebris
502 1382 573 1435 haec
586 1381 704 1436 historia
716 1382 775 1436 fuit.
808 1380 1024 1436 Demonstrauit
1036 1383 1091 1436 hoc
1105 1384 1140 1437 O.
1153 1382 1271 1436 Iahnius
1283 1381 1425 1449 (Berichte

273 1451 325 1505 der
338 1451 465 1506 Siixisch.
479 1453 676 1521 Gesellschait,
693 1454 768 1521 1853,
782 1469 828 1522 pp.
846 1467 877 1519 14
881 1465 927 1521 5-1
934 1453 977 1521 50)
991 1452 1039 1522 qui
1056 1452 1126 1506 duas
1143 1453 1256 1507 tabulas
1269 1452 1425 1521 exprimen-

273 1523 326 1576 das
339 1521 446 1576 curauit
460 1522 561 1592 quibus
574 1541 619 1576 res
632 1523 783 1577 manifesto
796 1523 909 1593 depicta
921 1534 973 1578 est.
1011 1522 1106 1577 Prima
1119 1523 1206 1592 (Mus.
1222 1523 1424 1577 Pio-Clement.

273 1593 344 1647 Tab.
357 1611 382 1647 re
397 1591 425 1660 2)
442 1593 543 1646 Linum
555 1594 641 1648 habet
654 1593 683 1647 in
696 1595 766 1648 sella
778 1595 934 1662 sedentem,
948 1594 1060 1648 sublata
1072 1594 1171 1649 dextra
1182 1604 1331 1664 tamquam
1345 1594 1425 1648 disci-

273 1665 371 1733 pulum
387 1663 584 1718 uehementius
602 1665 764 1719 admoneat.
801 1666 874 1718 Puer
886 1673 997 1719 torosus
1012 1666 1149 1719 Hercules
1162 1682 1196 1719 ex
1213 1665 1336 1719 aduerso
1350 1675 1425 1719 stans

265 1736 363 1802 ⁴lyram
380 1751 515 1803 magnam
532 1734 646 1789 sinistra
662 1743 747 1803 tenet,
761 1735 860 1789 dextra
872 1735 942 1789 feerit.
981 1737 1049 1789 Post
1062 1736 1138 1790 hunc
1150 1744 1225 1790 astat
1238 1736 1353 1790 femina.
1393 1737 1425 1789 ln

252 1804 363 1860 'altera
383 1815 426 1859 est
448 1805 582 1860 barbatus
606 1805 692 1860 Linus
715 1805 826 1860 innixus
848 1806 947 1860 dextro
971 1823 1054 1874 genu,
1077 1806 1175 1860 dextra
1200 1806 1314 1861 sublata
1338 1806 1425 1875 lyram

182 1916 187 1919 -
273 1885 407 1946 torquens
432 1893 489 1946 qua
513 1893 544 1930 se
565 1886 668 1930 contra
693 1877 846 1931 Herculem
871 1876 1002 1931 iuuenem
1027 1885 1139 1945 tutetur,
1160 1877 1289 1931 ‘eundem
1314 1876 1427 1931 sinistra

273 1955 405 2017 protenta
429 1946 592 2015 implorans,
642 1949 676 2001 ln
701 1964 766 2001 eum
790 1964 875 2001 ruens
902 1948 1040 2001 Hercules
1069 1947 1183 2001 sinistra
1207 1947 1335 2016 iugulum
1366 1947 1424 2001 Lini

273 2017 384 2086 premit,
410 2017 508 2072 dextra
531 2018 634 2087 pedem
659 2017 754 2086 sellae,
779 2018 858 2075 cuius
883 2018 972 2072 fracta
999 2018 1128 2072 membra
1154 2018 1233 2072 humi
1259 2018 1363 2085 iacent,
1388 2017 1426 2071 in·

273 2098 373 2155 tentat,
395 2087 531 2142 iamiam
556 2089 708 2144 occisurus.
747 2087 937 2143 Circumstant
956 2098 1088 2159 quattuor
1109 2088 1226 2144 iuuenes
1248 2089 1352 2158 trepidi
1375 2104 1426 2143 nec

275 2158 347 2212 Lino
360 2175 521 2213 succurrere
534 2159 680 2214 audentes

311 2230 443 2283 Ceterum
460 2229 489 2282 in
508 2229 670 2283 obscuriore
689 2231 751 2284 loco
770 2246 827 2285 non
845 2228 941 2284 inutile
960 2228 1012 2284 erit
1029 2229 1171 2300 quaedam
1185 2229 1221 2284 de
1233 2228 1334 2286 dextra
1353 2248 1426 2286 com·

274 2316 432 2354 memorare
445 2316 517 2368 quae
530 2300 593 2353 aliis
605 2300 716 2370 possint
732 2317 796 2356 esse
809 2300 983 2356 adiumenta.
1021 2303 1098 2355 Nam
1110 2301 1238 2370 profecto
1249 2318 1308 2355 non
1322 2312 1427 2357 temere

276 2368 430 2424 Merkelius
449 2369 637 2424 Scholiastam
654 2370 752 2425 audire
771 2371 869 2425 maluit
882 2388 968 2441 quam
987 2371 1133 2440 Saluagnii
1152 2372 1249 2427 statim
1268 2372 1427 2442 adprobare

273 2440 452 2495 sententiam.
491 2441 586 2501 Potuit
604 2441 687 2510 igitur
703 2442 817 2496 deutera
835 2443 912 2496 laesa
929 2459 992 2497 esse
1007 2442 1046 2510 (1)
1061 2444 1168 2496 Eorum
1187 2441 1234 2513 qui
1253 2453 1285 2497 ut
1303 2460 1427 2513 pugnarn

274 2511 472 2580 detrectarent,
497 2528 613 2564 manum
637 2514 737 2567 hastae
761 2513 941 2582 gestatricem
964 2513 1013 2581 (H.
1035 2515 1066 2567 F.
1086 2513 1147 2581 268,
1169 2515 1247 2582 Tyrt.
1268 2514 1300 2568 fr.
1323 2530 1363 2568 11.
1384 2513 1426 2583 25)

274 2591 447 2649 truncarunt,
466 2582 542 2636 uelut
561 2582 718 2637 Aeschines
740 2583 885 2638 accusauit
907 2585 1133 2638 Demosthenem
1155 2584 1233 2654 quod
1254 2594 1340 2654 caput
1364 2602 1427 2639 con·

275 2652 382 2706 cideret
400 2669 437 2706 ne
455 2651 484 2705 in
502 2652 608 2707 bellum
627 2653 679 2709 iret
700 2655 824 2723 Ctesiph.
838 2669 898 2722 213.
937 2656 1052 2708 Praeter
1069 2653 1272 2709 Archilochum
1291 2656 1427 2710 Alcaeum

276 2721 428 2776 Horatium
447 2721 494 2791 qui
512 2725 656 2792 parmulae
674 2724 838 2779 abiecerunt
860 2724 888 2778 in
910 2725 1025 2794 proelio,
1045 2725 1131 2780 etiam
1150 2725 1324 2780 Xenoclides
1344 2733 1427 2796 poeta

275 2810 319 2862 ap.
335 2796 419 2847 Dem.
435 2796 538 2847 Neaer.
555 2807 620 2863 1353
638 2794 790 2865 ἀστρατείας
806 2795 952 2854 conuictus
970 2796 1079 2852 dicitur.
1118 2796 1176 2850 Sed
1192 2796 1263 2850 nihil
1278 2797 1315 2850 de
1328 2798 1427 2852 horum

276 2864 381 2919 dextris
393 2863 527 2919 traditum
540 2875 593 2919 est.
1193 2873 1195 2876 ⁴

312 2934 351 3005 (2)
371 2937 478 2989 Eorum
498 2934 544 3005 qui
568 2952 603 2989 ne
622 2935 783 3003 militarent,
803 2936 901 2991 dextra
922 2936 1133 2992 mutilabantur.
1171 2936 1218 2992 Sic
1237 2937 1427 2993 Athenienses

275 3006 425 3077 Aeginetis
442 3007 494 3075 qui
510 3007 596 3059 classe
614 3008 746 3061 ualebant
758 3008 875 3077 pollices
892 3007 1089 3077 praeciderunt
1106 3007 1176 3078 (Cic.
1191 3009 1247 3062 Off.
1264 3008 1303 3063 iii.
1320 3024 1361 3063 11.
1374 3009 1426 3076 46).

277 3078 375 3131 Paullo
388 3077 469 3131 aliter
480 3077 615 3132 Aelianus
628 3079 661 3132 V.
675 3079 712 3132 H.
723 3077 751 3131 ii.
762 3076 973 3147 9Ἐψηφίσαντο
986 3080 1010 3131 οἶ
1021 3078 1151 3147 Ἀθηναῖοι
1163 3078 1306 3148 Αἰγινητῶν
1319 3081 1428 3133 ἑκάστου

275 3150 320 3201 τὸν
331 3149 413 3219 μέγαν
427 3148 561 3215 ἀποκόψαι
577 3150 622 3214 τῆς
639 3150 726 3235 Χειρὸς
742 3148 869 3213 δάκτυλον
884 3152 929 3216 τῆς
946 3150 1039 3218 δεξιᾶς,
1051 3147 1092 3203 ἵνα
1109 3149 1172 3217 δόρυ
1183 3150 1231 3216 μὲν
1241 3151 1384 3217 βαστάζειν
1395 3149 1428 3216 μὴ

276 3217 407 3284 δύνωνται,
429 3220 515 3286 κώπην
539 3219 567 3272 δὲ
592 3219 707 3272 ἐλαύνειν
730 3217 859 3274 δύνωνται.
909 3219 957 3274 Sic
982 3220 1068 3274 iidem
1092 3220 1284 3274 Athenienses
1309 3219 1333 3274 si
1360 3219 1428 3274 mari

276 3289 410 3343 uicissent
420 3289 638 3359 Aegospotamis
649 3288 824 3344 destinarunt
838 3290 950 3345 dextras
961 3291 1092 3345 omnibus
1105 3290 1252 3346 abscidere
1263 3308 1336 3362 quos
1349 3291 1428 3345 uiuos

276 3360 418 3429 cepissent
432 3362 503 3413 Xen.
520 3361 632 3415 Hellen.
646 3359 672 3415 ii.
690 3376 710 3415 1.
725 3360 780 3425 fin,
795 3362 865 3415 Plut.
881 3364 944 3430 Lys.
959 3361 994 3416 ix.
1269 3429 1271 3433 y

313 3430 353 3501 (3)
375 3430 572 3500 Pugnantium,
585 3441 615 3484 ut
630 3430 788 3500 Cynaegiri,
806 3430 899 3486 fratris
918 3431 1061 3500 Aeschyli,
1080 3449 1145 3487 cum
1161 3449 1265 3486 nauem
1286 3432 1429 3486 Persicam

276 3518 362 3555 manu
381 3501 616 3570 adprehendisset
636 3503 742 3556 Herod.
759 3501 793 3556 vi.
814 3517 870 3570 114,
890 3504 952 3556 Val.
973 3505 1049 3558 Marc
1069 3503 1105 3557 iii.
1125 3518 1149 3556 2.
1167 3518 1219 3557 22:
1245 3512 1274 3556 et
1296 3505 1326 3557 C.
1348 3502 1429 3556 Acilii

276 3571 336 3626 siue
349 3571 426 3625 Atilii
444 3572 491 3641 qui
510 3573 614 3625 nauali
629 3573 670 3626 ad
683 3574 849 3627 Massiliam
862 3575 979 3643 praelia,
998 3575 1101 3627 iniecta
1118 3576 1150 3626 iu
1163 3575 1289 3644 puppim
1307 3573 1429 3628 leastium

209 3694 214 3699 ,
275 3642 376 3695 dextra
397 3647 425 3694 et
444 3643 550 3696 absce'sa
570 3644 747 3697 memorabile
766 3644 844 3698 illud
861 3645 942 3713 apud
961 3645 1080 3699 Graecos
1099 3645 1253 3714 Cynaegiri
1271 3645 1429 3715 exemplum

276 3714 408 3766 imitatus
425 3712 575 3765 transiluit
595 3716 627 3766 iu
648 3730 758 3782 nauem,
777 3715 893 3768 umbone
910 3715 1005 3768 abuzbs
1023 3732 1116 3784 agens,
1136 3717 1213 3769 Suet.
1234 3716 1317 3769 Caes.
1333 3716 1377 3783 68,
1396 3715 1430 3770 cf.

275 3783 338 3836 Val.
360 3783 437 3834 Max.
456 3781 494 3836 iii.
509 3797 531 3835 2.
547 3797 589 3851 22,
610 3784 681 3838 Plut.
696 3786 777 3840 Caes.
791 3785 844 3854 xvi,
866 3787 931 3841 Luc.
948 3785 986 3839 iii.
999 3786 1060 3839 610.
1098 3787 1184 3840 Hunc
1202 3784 1257 3840 nisi
1278 3785 1430 3840 Suetonius

277 3853 444 3906 Plutarchus
472 3852 601 3906 Valerius
632 3855 670 3908 ad
700 3872 787 3909 unum
818 3873 917 3910 omnes
948 3856 1066 3911 militem
1096 3865 1256 3925 uocassent,
1285 3857 1431 3910 crederem

276 3940 341 3977 cum
366 3940 401 3977 eo
420 3922 568 3977 confusum
589 3924 675 3979 fuisse
694 3942 779 3995 quem
799 3926 857 3981 Cic.
876 3927 913 3981 ad
935 3929 993 3982 Att.
1012 3927 1067 3981 xiv.
1085 3942 1126 3981 20.
1145 3942 1161 3995 3
1181 3931 1294 3997 poetam
1312 3928 1431 3982 durissi-

276 4012 363 4063 mum,
383 3993 507 4049 Licinius
526 4010 571 4063 ap.
592 3995 648 4049 Cic.
670 3996 733 4050 Fin.
749 3997 766 4051 i.
782 4011 806 4050 2.
823 4010 836 4067 5
847 3997 979 4067 ferreum
996 4000 1160 4068 scriptorem
1179 3997 1318 4053 dixerunt.
1359 3997 1432 4051 Illud

276 4075 352 4120 certe
380 4066 533 4119 nemodum
561 4066 699 4136 probauit,
719 4068 793 4121 hunc
821 4068 938 4122 Atilium
966 4069 1088 4122 eundem
1116 4085 1180 4124 esse
1207 4086 1294 4139 quem
1323 4068 1431 4123 Gellius

264 4155 320 4191 arv.
342 4150 384 4204 24,
407 4138 497 4191 Varro
519 4153 563 4206 ap.
588 4136 695 4191 Charis.
719 4150 769 4207 215
792 4155 856 4192 cum
878 4139 991 4194 Trabea
1012 4149 1040 4194 et
1063 4139 1188 4194 Caecilio
1210 4139 1284 4194 inter
1305 4139 1432 4193 comicos

274 4216 438 4278 posuerunt.

310 4278 357 4332 Ad
369 4280 438 4347 607,
451 4280 525 4333 608.

401 4350 472 4418 Qua
490 4366 548 4403 sua
566 4349 812 4411 †Penthiladen
831 4352 942 4421 proles
962 4362 1012 4407 est
1031 4353 1102 4407 ulta
1122 4354 1316 4422 Lycurgum,

437 4422 529 4475 Haec
547 4432 678 4476 maneat
697 4421 754 4475 teli
775 4431 806 4476 te
825 4439 954 4493 quoque
972 4424 1070 4493 plaga
1088 4423 1174 4477 noui.

312 4492 367 4548 Pro
379 4491 542 4546 Penteliden
555 4493 631 4560 quod
644 4493 750 4547 habent
762 4493 888 4563 plerique
902 4494 1023 4563 codices,
1036 4495 1062 4549 G
1076 4494 1251 4565 peutilaelen,
1264 4494 1391 4549 Vindob.
1405 4503 1432 4549 et
