3126 4980
253 359 290 414 14
738 352 918 414 SCHOLIA

295 532 363 585 411.
385 512 550 590 Quaeque
575 511 681 571 Ceres
705 509 803 570 uidit.

252 594 300 653 De
327 594 466 653 Cercione
494 595 544 671 qui
572 593 645 652 festa
667 592 805 651 Eleusina

254 675 352 735 Cereri
367 675 499 734 facienda
513 676 687 751 inpediebat.
733 673 770 733 G.

294 757 430 826 Cercion,
445 767 477 815 ut
492 756 634 815 isocrates
649 756 753 825 scribit,
770 771 858 830 quum
874 753 952 830 apud
966 751 1108 829 templum
1123 751 1237 813 Cereris
1250 753 1421 813 Eleusinae

275 833 422 913 eregnnos
444 848 561 897 necaret
582 856 599 895 a
621 836 741 895 Theseo
762 837 877 894 occisus
898 845 950 906 est,
971 847 1003 894 ut
1025 835 1148 894 Ouidius
1169 836 1260 893 etiarn
1284 837 1317 892 in
1342 836 1420 895 Met.

253 857 344 1000 fVJJ.
361 914 434 999 439]
453 918 643 994 Cercyonis
662 918 767 976 letum
786 918 869 975 uidit
884 916 1038 976 Cerealis
1055 916 1212 975 Eleusin.
1256 917 1345 993 Ergo
1367 919 1420 994 qui

258 1000 401 1074 Geryonae
417 1001 544 1058 scribunt
558 999 701 1059 falluntur.
731 998 810 1057 Nam
822 998 973 1075 Geryones
984 999 1031 1057 uel
1041 997 1159 1074 Geryon
1173 998 1220 1056 uel
1230 997 1420 1075 Geryoneus

255 1099 317 1140 non
331 1100 349 1140 a
363 1080 482 1140 Theseo
495 1081 546 1139 sed
561 1082 599 1140 ab
611 1080 739 1139 Hercule
752 1080 918 1138 interfectus
933 1090 976 1137 est
991 1080 1168 1154 tergeminus
1181 1078 1286 1149 homo,
1299 1098 1360 1139 nec
1372 1091 1420 1138 est

254 1163 370 1221 occisus
389 1161 468 1237 apud
482 1161 618 1221 Cererem
633 1161 802 1220 Eleusinam
821 1160 873 1220 sed
890 1161 920 1217 in
935 1160 1065 1219 Hiberia.
1110 1159 1177 1220 Cod.
1193 1163 1231 1234 36
1248 1159 1424 1219 Semzaarti'

253 1244 403 1301 Potamoi.

297 1339 364 1398 415.
385 1323 507 1396 Qualis
523 1324 805 1383 Achaemenides.
887 1322 988 1382 Vlixes
1002 1322 1175 1399 Poliphemo
1193 1333 1299 1398 erepto
1320 1325 1416 1382 oculo

255 1405 367 1465 Notum
382 1417 425 1465 est
440 1407 559 1482 qualiter
570 1405 806 1464 Achaemeniden
847 1404 961 1480 fugiens
976 1403 1211 1463 Achaemeniden
1226 1405 1267 1462 ibi
1283 1406 1416 1481 reliquit,

151 1544 153 1550 .
255 1487 402 1546 Graecum
425 1488 549 1546 Troiani
572 1488 603 1546 in
625 1488 693 1546 naui
715 1487 806 1547 admi·
847 1487 896 1563 qui
925 1485 1016 1544 latens
1044 1504 1099 1544 nec
1121 1495 1244 1560 propter
1270 1485 1418 1561 Poliphe-

255 1581 362 1629 serunt.
408 1569 444 1629 G.
850 1585 932 1625 mum
949 1567 1060 1625 audens
1080 1566 1200 1633 moueri,
1216 1585 1313 1642 paene
1332 1568 1417 1626 farne

850 1650 934 1725 periit
942 1658 971 1706 et
980 1648 1084 1723 frigore
1096 1649 1150 1705 nisi
1159 1647 1277 1706 Aeneas
1288 1667 1307 1706 a
1318 1649 1419 1707 Troia

849 1730 964 1806 fugiens
975 1748 1043 1787 eum
1055 1731 1201 1806 exciperet
1210 1738 1286 1788 teste
1297 1729 1418 1789 Ouidio

850 1812 958 1870 Metaon
972 1809 1039 1890 (xiv.
1058 1813 1115 1868 160
1130 1811 1206 1889 sqq.)
1252 1809 1288 1869 C.

297 1911 366 1973 417.
386 1896 573 1957 binominis
588 1894 643 1954 Iri.
685 1895 750 1954 Irus
765 1912 865 1958 seruus
880 1893 973 1951 Vlixis
988 1893 1057 1952 luit:
1079 1893 1129 1970 qui
1143 1890 1223 1968 apud
1237 1891 1417 1952 Homerum

256 1978 391 2039 Amaeus
409 1981 503 2038 dictus
517 1988 570 2037 est.
615 1977 652 2037 G.

292 2153 353 2200 411.
372 2135 492 2188 Gerione
507 2136 530 2188 G
609 2134 679 2187 Idem
696 2151 770 2187 error
788 2133 887 2201 longius
904 2134 996 2200 serpsit
1013 2132 1040 2186 in
1057 2132 1080 2185 G
1095 2143 1119 2185 et
1136 2133 1200 2183 Ask.
1217 2131 1319 2185 Chaec
1334 2131 1419 2184 habet

256 2206 367 2258 Gereon
379 2205 517 2272 tricorpor
528 2203 678 2272 inhispania
689 2219 800 2256 acerere
810 2204 874 2255 odio
887 2201 1040 2255 habebatur
1053 2202 1098 2254 uel
1107 2202 1171 2271 quia
1183 2201 1262 2254 nimis
1275 2202 1313 2254 de
1323 2201 1417 2267 frugi·
1471 2235 1478 2254 κ

256 2276 307 2328 bus
325 2275 505 2328 consumebat
523 2275 567 2326 uel
585 2277 649 2342 quia
667 2274 738 2327 cube
755 2274 831 2326 uslna
851 2273 881 2343 (l.
900 2274 1031 2342 eleusina)
1051 2271 1121 2325 festa
1138 2272 1220 2340 ipsius
1239 2271 1419 2339 impediebat

256 2346 329 2399 unde
342 2347 398 2398 leto
411 2346 489 2398 uultu
501 2346 571 2396 uidit
588 2346 675 2412 ipsum
692 2345 816 2397 atheseo
833 2343 1055 2396 interfectionem
1070 2344 1099 2411 (l.
1113 2341 1307 2411 interfectum)
1321 2345 1417 2396 eadem

256 2436 302 2484 que
313 2418 378 2469 Ask.
391 2416 435 2468 sed
444 2416 616 2468 emendatiora
697 2413 842 2484 Isocrates]
856 2417 976 2485 respicere
987 2415 1087 2468 uidetur
1097 2412 1203 2480 Ἑλένης
1215 2411 1365 2483 Ἐγκώμιον
1382 2431 1416 2478 32

257 2487 300 2539 ubi
311 2499 396 2540 tamen
409 2488 474 2539 nihil
485 2488 514 2539 de
526 2487 616 2554 templo
629 2485 726 2539 Cereris
738 2486 883 2539 Eleusinae.

293 2573 355 2621 415.
373 2556 581 2609 achimenideG
661 2556 896 2609 achimenidemC
974 2556 1086 2608 audiens
1099 2557 1128 2609 C.

294 2643 354 2692 417.
373 2630 435 2680 Post
446 2627 499 2679 fuit
511 2628 584 2679 addit
599 2627 622 2679 G
640 2642 673 2679 eo
686 2643 702 2679 a
715 2626 802 2679 Troia
819 2642 930 2680 reuerso
949 2633 1095 2679 excecatus
1112 2631 1155 2678 est
1172 2630 1200 2678 et
1213 2631 1331 2692 pontem
1345 2642 1417 2681 cum

259 2699 318 2752 aliis
336 2697 508 2751 custodiebat
527 2697 683 2765 petentibus
702 2697 877 2750 elemosinam
896 2713 912 2749 a
930 2697 1142 2749 transeuntibus.
1179 2713 1248 2764 quos
1266 2712 1367 2750 omnes
1386 2700 1417 2750 in

258 2785 357 2838 aquarn
375 2769 491 2837 proiecit
514 2769 572 2820 siue
594 2767 692 2820 darent
709 2768 767 2820 siue
785 2784 840 2820 non
859 2767 973 2820 darent:
999 2786 1061 2834 quae
1078 2770 1159 2820 omisi.
1195 2769 1267 2836 Quae
1279 2769 1378 2834 habent
1393 2771 1419 2824 G

260 2843 324 2893 Ask.
338 2840 415 2893 Mure
426 2841 453 2891 in
466 2849 563 2892 textum
576 2858 624 2891 non
637 2840 724 2908 recepi,
734 2841 796 2908 quia
808 2841 891 2907 inepta
904 2839 1062 2892 uidebantur.
1077 2909 1100 2962 C
1150 2840 1215 2891 Sunt
1225 2839 1307 2892 haec:

438 2957 440 2961 .
541 2911 618 2962 Mure
1107 2910 1172 2961 Ass.

293 2982 406 3035 Ariston
430 2977 507 3050 (ten
529 2980 616 3048 Mure)
641 2979 694 3032 fuit
718 2994 813 3032 seruus
880 2969 1419 3047 IrusseruusulixisipsoreuersoaTroia

258 3054 345 3119 ulixis,
364 3052 440 3104 cuius
459 3050 550 3103 fabula
570 3051 631 3104 talis
653 3057 704 3104 est.
749 3065 814 3118 yrus
851 3051 886 3101 ab
898 3051 997 3102 eodem
1012 3056 1158 3103 excecatus
1170 3055 1219 3102 est.
1260 3049 1315 3101 Sed
1328 3049 1417 3104 hino-

258 3140 354 3178 seruus
377 3138 425 3175 seu
449 3136 544 3174 scurra
565 3138 613 3175 seu
637 3121 762 3174 abiectus
784 3126 813 3172 et
852 3120 937 3172 mium
948 3118 1105 3188 (sicGAsk.)
1115 3136 1178 3172 eum
1188 3119 1336 3187 appellauit
1347 3122 1419 3188 quia

259 3211 341 3261 egens
361 3193 440 3245 ulixis
464 3191 600 3244 binomius
621 3191 693 3260 apud
718 3191 813 3243 home·
852 3191 1048 3244 idemArticon
1061 3190 1425 3261 (om.Ask.,numArnion?)»

259 3282 329 3319 rum.
370 3263 497 3331 Namque
516 3264 617 3315 ariston
636 3263 693 3315 siue
711 3277 813 3328 argeon
852 3262 953 3314 dicitur
961 3261 1034 3329 apud
1044 3262 1212 3314 Homerum:
1225 3260 1269 3312 uel
1277 3261 1345 3327 quia
1355 3262 1418 3316 duo

258 3336 317 3388 siue
335 3335 458 3388 arimeon
477 3332 587 3398 dicitur,
600 3333 634 3385 ab
651 3348 685 3384 eo
702 3348 814 3384 reuerso
852 3331 965 3384 fuerunt
989 3332 1036 3397 iri,
1062 3333 1132 3385 alter
1156 3334 1263 3385 Arneus
1289 3330 1418 3400 (Argeus

260 3423 276 3458 a
301 3406 388 3458 Troia
412 3419 476 3455 cunr
505 3404 598 3456 multis
623 3402 814 3471 dissipantibus
852 3403 897 3455 uel
919 3403 1019 3469 Algeus
1045 3400 1079 3470 G)
1102 3402 1137 3454 ab
1161 3402 1236 3455 ulixe
1259 3408 1417 3457 excecatus

259 3476 333 3528 bona
345 3491 393 3527 sua
401 3472 559 3526 exoculatus
569 3480 621 3526 est.
654 3489 718 3542 yms
730 3474 814 3526 etiam
851 3472 985 3542 (Argiuus
995 3473 1028 3526 ab
1040 3473 1162 3526 Hercule
1173 3488 1233 3526 exc.
1241 3471 1331 3539 Ask.),
1340 3474 1418 3528 alter
1440 3509 1441 3513 =

261 3561 325 3598 cum
343 3545 435 3597 multis
452 3543 523 3595 cecis
541 3548 570 3595 et
587 3544 686 3596 mancis
704 3544 815 3612 (mansis
852 3543 997 3597 bistonios
1010 3544 1159 3613 (bisconius
1185 3542 1222 3613 G)
1247 3558 1332 3611 quem
1359 3560 1417 3611 pro

261 3613 349 3683 Mure)
373 3628 518 3682 proseucas
541 3613 567 3666 in
587 3613 707 3682 quodam
728 3621 815 3682 ponte
852 3614 931 3667 furto
956 3615 1065 3667 iudices
1098 3619 1309 3668 excecauerunt.
1359 3615 1417 3669 Vel

261 3685 365 3738 habuit.
397 3685 470 3737 unde
483 3683 521 3735 illi
533 3699 629 3736 omnes
641 3691 816 3738 transeuntes
853 3685 989 3738 binomius
1004 3686 1106 3738 dicitur
1122 3692 1235 3753 propter
1251 3684 1417 3752 oppositum

260 3771 310 3808 seu
327 3757 426 3808 darent
444 3754 621 3808 eleemosinas
640 3756 816 3823 (elemozinas
855 3754 997 3824 (Ouidium
1023 3754 1099 3824 Ask.)
1130 3757 1194 3825 quia
1222 3755 1322 3808 dicitur
1351 3757 1417 3826 (qui

261 3825 349 3896 Mure)
369 3828 426 3878 siue
445 3840 501 3877 non
520 3825 548 3876 in
566 3825 679 3878 fluuium
697 3827 815 3894 precipi·
854 3825 930 3879 dedit
945 3827 979 3895 C)
1005 3827 1077 3880 Irus
1101 3842 1198 3894 egens
1221 3824 1296 3894 (Her.
1316 3825 1340 3878 l.
1362 3826 1414 3896 95)

260 3898 366 3951 tabant.
376 3896 422 3949 uel
435 3895 521 3962 aliter,
533 3897 665 3962 Gigantes
678 3897 815 3965 quendam
854 3903 883 3950 et
912 3898 950 3949 ita
977 3897 1044 3950 Irus
1075 3903 1118 3950 est
1141 3913 1227 3950 unurn
1251 3912 1356 3949 nomen
1382 3906 1416 3952 et

264 3974 378 4037 pontem
390 3966 523 4021 tenebant
535 3974 564 4020 et
573 3973 766 4035 pretereuntes
778 3967 815 4020 ibi
854 3983 952 4034 egens
964 3968 1046 4022 aliud.
1083 3968 1136 4021 Alii
1149 3968 1245 4021 dicunt
1257 3967 1332 4035 quod
1349 3968 1416 4023 lrus

261 4038 469 4108 precipitabant.
505 4039 579 4106 quod
598 4044 693 4106 postea
712 4039 761 4108 ipsi
780 4039 815 4091 ab
854 4054 935 4092 cecus
950 4039 978 4090 in
991 4044 1075 4107 ponte
1088 4039 1208 4107 quodam
1221 4038 1416 4094 eleemosinam

261 4110 319 4164 aliis
336 4111 406 4179 passi
424 4113 495 4164 suut.
540 4110 641 4166 Similia
658 4113 736 4165 etiam
755 4131 777 4168 s.
790 4131 815 4165 a.
856 4109 947 4179 (elem.
957 4109 983 4162 C
995 4109 1067 4163 elim.
1080 4108 1158 4178 Ast.)
1172 4126 1189 4162 a
1204 4109 1416 4164 transeuntibus

263 4183 335 4235 Yrus
348 4184 472 4253 repetiuia
853 4180 980 4248 petebat;
1006 4181 1175 4248 quicumque
1192 4180 1274 4233 dabat
1294 4179 1415 4249 (dabant

855 4248 887 4319 C)
925 4251 1013 4318 ipsum
1038 4250 1150 4303 dantem
1176 4251 1210 4304 de
1234 4256 1320 4318 ponte
1345 4266 1415 4318 pre-

855 4321 985 4388 cipitabat
998 4319 1129 4390 (petebat,
1140 4323 1187 4390 qui
1200 4322 1249 4374 sibi
1262 4321 1361 4373 dantes
1376 4324 1414 4376 de

854 4396 940 4459 ponte
952 4392 1149 4460 praecipitabat
1158 4392 1243 4462 Asi).
1280 4391 1415 4448 Tandem

851 4463 911 4530 ipse
923 4463 1101 4531 precipitatus
1114 4470 1166 4518 est.
