3082 4980
243 383 292 443 xlii
653 377 979 440 PROLEGOMENA.

246 559 316 613 440,
339 538 501 597 Diomedes
526 557 595 612 401,
620 537 723 597 Sciron
753 537 830 597 Sinis
859 537 1042 615 Polypemon
1070 538 1236 597 Procrustes
1262 537 1404 613 Cercyon

248 636 396 696 407-411.
441 619 500 680 Sed
523 619 648 680 Ouidius
672 638 852 696 quamquam
876 620 906 677 in
931 619 1016 678 simili
1040 638 1129 678 causa
1153 620 1260 679 similes
1284 618 1404 676 fabulas

246 713 417 762 tractaturus
439 708 508 773 erat,
527 702 611 760 latius
632 700 811 760 Callimacho
829 711 961 776 uagatus,
983 701 1073 759 multa
1093 702 1123 758 in
1145 719 1214 760 suos
1232 719 1302 759 usus
1324 718 1403 758 con-

246 785 366 844 uertisse
384 783 497 841 uideaur
511 802 587 859 quae
606 783 723 841 aliunde
741 783 960 858 proueniebant.
1003 781 1081 840 Nam
1097 793 1125 841 et
1144 783 1173 840 in
1194 781 1403 857 Lycophronis

247 865 424 934 Alexandra,
446 881 536 939 quam
557 883 594 922 ex
616 864 659 922 lb.
676 879 731 938 531
757 863 896 922 Ouidium
918 864 1075 939 perlegisse
1096 864 1273 933 crediderim,
1295 874 1403 921 extant

247 947 356 1004 multae
366 964 403 1004 ex
415 945 506 1003 lbidis
517 945 620 1004 fabulis
632 946 802 1014 notioribus,
812 945 889 1004 uelut
899 944 1032 1022 Myrtilus
1041 947 1079 1003 ab
1089 943 1244 1004 Oenomao
1256 944 1403 1020 praecipi-

247 1038 323 1086 tatus
334 1028 365 1085 in
376 1044 456 1085 mare
469 1028 536 1099 164,
548 1027 661 1085 Hector
672 1028 709 1085 ab
719 1026 831 1085 Achille
842 1036 950 1085 tractus
964 1029 1021 1085 260
1033 1045 1106 1103 sqq,
1118 1044 1197 1085 mors
1208 1026 1314 1084 Priami
1327 1040 1401 1101 335,

248 1108 432 1184 naufragium
450 1105 630 1167 Graecorum
651 1117 680 1166 et
699 1107 796 1166 Aiacis
814 1107 889 1167 Oilei
908 1118 1027 1184 propter
1043 1108 1180 1166 uiolatam
1199 1107 1402 1167 Cassandram

250 1203 400 1265 357-395,
410 1190 557 1248 excaecati
567 1189 699 1248 Phoenix
710 1207 769 1262 413
780 1188 976 1265 Polyphemus
987 1192 1054 1263 765,
1063 1189 1229 1247 fulminatus
1239 1187 1401 1265 Capaneus

249 1273 317 1345 436,
329 1271 443 1329 occisus
458 1271 495 1328 ab
506 1289 578 1347 apro
590 1269 753 1347 Calydonio
769 1271 906 1329 Ancaeus
919 1273 987 1343 486,
999 1271 1111 1347 Vlyssis
1126 1271 1271 1329 sociorum
1285 1282 1400 1329 mortes

248 1355 286 1412 ad
299 1351 423 1428 Scyllam
437 1362 465 1410 et
477 1350 654 1428 Charybdin,
667 1351 745 1427 apud
757 1350 970 1426 Polyphemum
983 1362 1012 1410 et
1022 1352 1236 1428 Laestrygonas
1249 1354 1307 1423 648
1319 1370 1399 1427 sqq,

247 1435 338 1510 ipsius
357 1432 541 1509 naufragium
557 1447 616 1507 740
635 1451 698 1508 sqq.
717 1443 746 1491 11
763 1451 842 1491 mors
862 1451 898 1490 ex
916 1433 1018 1492 aculeo
1035 1434 1165 1509 trygonis
1182 1434 1250 1507 796,
1264 1431 1399 1491 Glaucus

248 1534 284 1574 ex
299 1514 478 1574 Anthedone
494 1529 561 1588 754,
577 1515 613 1574 de
628 1513 747 1591 Myrrha
764 1524 792 1572 et
806 1513 942 1572 Adonide
958 1517 1017 1589 829
1037 1533 1110 1590 sqq,
1126 1515 1259 1573 homines
1277 1516 1307 1572 in
1325 1532 1399 1572 saxa

248 1596 381 1656 conuersi
402 1614 420 1654 a
441 1595 583 1672 Gorgone
606 1598 674 1668 845,
694 1606 832 1654 castratus
853 1595 969 1654 Vranus
993 1599 1058 1671 762,
1078 1598 1147 1670 869,
1162 1595 1337 1655 Philoctetes
1360 1597 1399 1653 ab

247 1679 338 1756 hydra
352 1695 467 1736 morsus
479 1697 546 1752 912,
559 1677 718 1737 Herculem
733 1678 763 1734 in
775 1676 851 1735 Oeta
865 1679 1041 1736 comburens
1052 1680 1118 1752 916,
1134 1677 1252 1736 exitium
1267 1676 1398 1735 Comae·

247 1761 315 1819 thus
336 1778 406 1834 934,
427 1773 454 1831 5,
477 1759 637 1836 Melanippi
659 1759 809 1817 cerebrum
831 1768 983 1817 exsuctum
1004 1778 1021 1817 a
1040 1759 1146 1835 Tydeo
1168 1761 1254 1829 1066,
1275 1756 1399 1835 Nauplii

248 1842 332 1900 dolus
353 1842 429 1899 circa
449 1839 633 1916 Caphareum
653 1858 728 1914 1093
749 1857 823 1916 sqq,
844 1857 903 1916 quo
924 1840 1087 1899 Palamedis
1108 1850 1232 1899 mortem
1253 1840 1329 1898 ultus
1352 1850 1399 1898 est

251 1937 338 1998 1097,
356 1923 564 1997 Agamemnon
583 1921 843 1997 aClytaemnestra
860 1922 1025 1980 interfectus
1043 1937 1220 1996 1099-1105
1235 1939 1303 1980 cum
1321 1920 1398 1980 Cas·

247 2005 354 2063 sandra
371 2017 560 2076 1110-1117,
576 2002 718 2061 Hecubae
733 2002 823 2061 fatum
842 2006 1030 2076 1174—1188,
1045 2004 1163 2079 Absyrti
1177 2002 1351 2061 interfectrix
1368 2014 1399 2061 et

248 2097 384 2144 natorum
399 2102 518 2143 suorum
533 2084 641 2142 Medea
654 2102 739 2158 1319.
772 2082 830 2142 Sed
844 2094 873 2142 et
886 2085 1042 2142 nonnullae
1057 2086 1155 2142 insunt
1170 2103 1206 2142 ex
1221 2085 1399 2143 obscuriori-

248 2169 319 2225 bus:
348 2184 372 2223 e.
385 2185 415 2241 g.
432 2165 560 2223 Achilles
578 2164 760 2241 lphigeniam
780 2183 922 2240 quaerens
938 2166 975 2224 ad
993 2165 1114 2224 Leuken
1133 2164 1230 2224 Akten
1248 2167 1304 2239 185
1320 2184 1398 2243 sqq„

249 2248 371 2306 Tenues
385 2263 453 2305 cum
462 2245 620 2305 Hemithea
633 2247 663 2303 in
678 2264 773 2304 arcam
787 2247 889 2322 inclusi
902 2261 968 2322 135,
983 2248 1081 2306 Aiacis
1095 2247 1260 2305 Telamonii
1274 2249 1399 2306 unicum

249 2329 354 2387 uulnus
364 2340 433 2401 457,
444 2326 709 2386 Phoenodamantis
720 2328 794 2386 filiae
803 2330 952 2407 expositae
961 2329 1094 2386 leonibus
1106 2329 1135 2386 in
1147 2328 1241 2387 Sicilia
1251 2344 1309 2403 470
1321 2348 1399 2407 sqq,

249 2410 380 2468 Tiresiae
401 2410 502 2467 iocosa
519 2409 552 2466 lis
570 2411 639 2479 681,
659 2409 817 2485 Aegialeae
838 2410 975 2468 adulteria
990 2413 1138 2482 612-614,
1157 2427 1236 2468 mors
1252 2410 1399 2482 Heraclis,

249 2491 407 2551 Alexandri
419 2490 461 2548 M.
473 2490 531 2561 filii,
543 2492 692 2563 801-804,
704 2509 792 2567 quam
804 2510 861 2567 ego
873 2491 1021 2550 historiam
1032 2493 1062 2549 in
1075 2493 1117 2550 lb.
1130 2495 1188 2567 308
1201 2492 1399 2553 subodoratus

250 2592 324 2644 sum,
340 2572 461 2632 Setaeae
478 2572 597 2648 uirginis
616 2571 653 2630 ad
672 2573 824 2648 scopulum
843 2573 918 2631 fixae
933 2574 1075 2632 cruciatus
1094 2575 1281 2649 1075-1080,
1295 2574 1399 2650 imago

250 2655 374 2713 Palladis
402 2653 503 2712 oculos
532 2652 651 2712 cludens
680 2672 717 2713 ne
746 2654 886 2712 Siritanos
913 2673 931 2712 a
960 2653 1201 2714 Crotoniensibus
1228 2654 1400 2716 interfectos

249 2737 359 2795 uideret
374 2738 443 2809 985,
461 2733 679 2810 Erysichthonis
698 2735 842 2810 inexpleta
862 2735 953 2794 fames
972 2737 1057 2810 1389.
1099 2735 1179 2808 Quid
1198 2736 1279 2812 quod
1297 2735 1399 2813 Lyco·

248 2818 370 2894 phronis
389 2815 598 2874 consuetudine
613 2817 741 2886 nomina,
756 2817 932 2892 ubicumque
949 2826 1057 2894 posset,
1072 2817 1271 2894 supprimendi
1285 2817 1399 2895 (Bach-

249 2917 375 2958 mannus
397 2897 434 2956 ad
455 2897 525 2974 Lyc.
545 2916 574 2972 p.
594 2897 664 2975 109)
690 2908 718 2956 11
740 2898 864 2957 Ouidius
886 2916 955 2957 usus
979 2900 1043 2956 est?
1074 2898 1154 2958 Nam
1175 2900 1206 2956 in
1227 2899 1400 2960 Alexandra

248 2981 368 3058 quidem
390 2980 506 3038 nonnisi
527 2998 578 3055 per
596 2981 729 3038 tenebras
746 2990 902 3037 cernuntur
916 2980 1031 3052 omnia;
1056 2998 1111 3039 nec
1132 2981 1252 3039 nomina
1272 2990 1397 3055 tantum,

248 3063 301 3122 sed
315 3081 360 3123 res
374 3063 461 3120 etiam
476 3061 550 3119 adeo
564 3061 654 3119 latent
668 3062 746 3118 nube
760 3062 924 3132 uerborum,
941 3071 972 3119 ut
986 3079 1055 3136 prae
1069 3061 1124 3120 hac
1135 3061 1305 3120 Callimachi
1319 3080 1399 3139 quo·

248 3163 305 3222 que
316 3146 455 3219 ambages
467 3153 495 3201 et
507 3142 606 3202 Ouidii
620 3143 785 3218 aenigmata
799 3143 828 3199 in
840 3142 914 3201 clara
929 3143 1024 3218 posita
1038 3143 1101 3202 luce
1113 3143 1273 3202 uideantur.
1304 3142 1399 3204 Cuius

248 3227 290 3287 rei
311 3226 401 3284 facilis
421 3226 494 3283 ratio
514 3233 564 3296 est,
580 3243 647 3283 cum
666 3223 697 3280 hi
716 3242 792 3299 quos
813 3223 984 3298 significant,
1000 3242 1061 3282 non
1080 3242 1144 3282 raro
1165 3244 1201 3283 ex
1222 3225 1399 3301 propinquis

248 3327 283 3367 ac
297 3325 404 3384 genere
419 3306 631 3381 descripserint,
647 3305 693 3363 ille
708 3323 745 3362 ne
760 3306 989 3381 propinquorum
1004 3305 1122 3381 quidem
1140 3308 1260 3364 nomina
1274 3307 1330 3365 nisi
1345 3326 1400 3383 per

248 3390 387 3464 ambages
409 3386 558 3445 induxerit.
609 3385 690 3458 Quid
710 3387 791 3461 quod
812 3389 995 3460 παρωνομασίᾳ
1017 3387 1162 3446 interdum
1184 3397 1213 3446 et
1237 3388 1333 3446 hicet
1358 3390 1399 3448 illi
1424 3379 1430 3390 ’

248 3471 395 3529 luserunt?
438 3466 517 3525 Nam
531 3467 612 3542 quod
626 3469 657 3525 in
671 3467 816 3526 Ouidiana
832 3468 913 3526 Ibide
928 3468 1116 3526 Prometheus
1131 3478 1280 3544 tamquam
1290 3479 1399 3542 parum

248 3550 346 3620 Meta,
370 3549 411 3608 uti
435 3549 565 3607 enotauit
590 3547 732 3619 Sanctius,
754 3549 925 3624 Telegonus
949 3567 1000 3624 per
1024 3551 1075 3607 teli
1093 3570 1184 3626 genus
1210 3550 1399 3626 significatur,

248 3631 352 3690 similia
372 3630 504 3688 inuenies
520 3648 569 3706 pap.
585 3629 654 3706 Lyc.
672 3631 731 3705 960
752 3631 914 3702 μονοικὴτους
934 3632 1007 3704 ἕδρας
1025 3632 1074 3689 ubi
1091 3632 1259 3691 subauditur
1277 3635 1351 3702 κῆτος
1369 3644 1400 3693 11

247 3712 361 3772 Callim.
375 3710 430 3787 Ep.
447 3713 492 3769 18.
510 3723 537 3784 5,
553 3711 579 3768 6.

289 3793 394 3869 Neque
409 3791 477 3850 illud
491 3792 685 3851 omittendum
700 3793 780 3870 quod
800 3793 833 3852 iis
847 3794 943 3852 uerbis
957 3812 1179 3870 nonnumquam
1194 3793 1401 3870 concipiuntur

247 3875 383 3934 historiae
406 3892 480 3950 quae
502 3892 565 3933 non
584 3875 635 3932 uni
656 3876 841 3934 conueniant.
884 3875 953 3934 Hoc
976 3885 1004 3933 et
1029 3895 1065 3934 ex
1087 3876 1210 3936 Scholiis
1234 3877 1344 3952 patebit
1368 3889 1399 3938 et

248 3957 477 4017 Commentario.
519 3955 723 4032 Extabantque
740 3975 800 4016 non
820 3975 914 4033 pauca
928 3957 1102 4027 huiusmodi,
1117 3958 1141 4015 si
1158 3957 1248 4016 modo
1263 3957 1336 4016 fides
1351 3971 1400 4019 est

248 4039 391 4116 opusculo
406 4038 578 4096 Plutarcheo
598 4039 678 4114 quod
697 4043 852 4112 παράλληλα
868 4039 1038 4114 inscriptum
1057 4049 1109 4097 est.
1152 4038 1242 4111 Quod
1262 4041 1399 4114 quamuis

248 4120 403 4180 Plutarcho
413 4119 565 4196 indignum
579 4130 611 4177 ut
625 4130 669 4178 est
680 4120 720 4178 sic
731 4120 872 4178 iudicetur
880 4138 897 4178 a
906 4119 1021 4179 Cobeto
1033 4119 1165 4179 Coniect.
1175 4119 1277 4179 Graec.
1289 4137 1317 4194 p.
1326 4135 1399 4195 502,

248 4222 309 4262 non
333 4203 433 4261 inutile
455 4202 532 4261 duco
555 4201 758 4260 Romanorum
784 4201 911 4277 proferre
936 4202 1056 4260 nomina
1080 4203 1130 4278 qui
1152 4200 1280 4272 Graecis,
1303 4200 1399 4262 Grae-

249 4302 350 4343 corum
374 4285 426 4360 qui
451 4282 595 4342 Romanis
621 4283 728 4341 similes
749 4301 834 4342 casus
855 4284 975 4343 subiisse
997 4283 1028 4340 in
1050 4302 1087 4342 e0
1109 4284 1250 4344 dicuntur.
1292 4281 1400 4359 Itaque

249 4365 349 4424 Parall.
367 4380 383 4438 5
400 4365 499 4423 similis
520 4364 639 4423 historia
654 4364 691 4422 de
705 4364 846 4423 Anchuro
867 4383 942 4443 quae
956 4365 992 4423 de
1008 4363 1109 4424 Curtio
1131 4365 1235 4423 tradita
1257 4374 1309 4434 111,
1324 4367 1342 4421 6
1359 4367 1399 4427 de

248 4445 365 4504 Valerio
388 4445 504 4506 Conato
520 4464 594 4522 quae
614 4445 650 4503 de
668 4446 856 4522 Amphiarao,
874 4460 889 4519 7
906 4446 942 4506 de
960 4446 1137 4522 Pyraechma
1154 4464 1228 4522 quae
1246 4445 1283 4503 de
1301 4445 1399 4508 Metto
