3082 4980
252 388 326 450 xlvi
354 437 357 439 Α
664 387 990 450 PROLEGOMENA.

293 544 360 626 (24)
381 547 440 620 Qui
455 548 484 605 in
499 547 605 607 fluuios
620 566 652 606 se
666 547 897 624 praecipitarunt.

415 628 544 700 Euenus,
558 630 714 688 Tiberinus
731 633 811 704 (525,
830 627 909 703 524).

293 708 358 789 (25)
381 710 441 783 Qui
455 712 570 787 scriptis
585 712 703 769 exitium
718 712 772 770 sibi
786 719 969 786 pepererunt.

417 792 617 862 Callisthenes,
636 791 836 862 Archilochus,
858 792 979 867 scriptor
997 789 1130 848 carminis
1148 789 1178 847 in
1193 788 1406 865 Athenienses,

457 873 637 932 Timocreon
645 872 682 953 (i)
697 871 874 952 (519-526).

293 952 359 1033 (26)
381 953 496 1026 Quibus
510 955 642 1012 membra
655 955 784 1013 mutilata
797 965 873 1013 sunt.

416 1036 571 1103 Pentheus,
591 1035 687 1107 Dirce,
711 1036 870 1094 Philomela
885 1032 1062 1113 (533-538).
1105 1033 1161 1093 His
1182 1043 1251 1110 post
1271 1033 1408 1094 adiunxit

456 1117 631 1175 Mamertam
646 1116 740 1197 (547),
755 1116 875 1193 Orphea
889 1119 986 1192 (600).

293 1196 358 1278 (27)
379 1198 415 1256 ln
430 1217 500 1257 saxa
513 1199 598 1257 uersi.

416 1279 522 1351 Niobe,
536 1279 637 1339 Battus
649 1282 730 1354 (585,
742 1277 783 1358 6),
795 1290 824 1339 et
837 1291 904 1339 ante
918 1281 974 1340 hos
985 1299 1002 1339 a
1013 1280 1140 1342 Medusa
1152 1280 1294 1342 interfecti
1304 1278 1406 1359 (555).

186 1378 189 1383 ’
293 1360 359 1441 (28)
380 1360 441 1433 Qui
457 1362 525 1435 igne
540 1363 678 1420 membris
693 1362 823 1437 inplicito
838 1365 982 1421 combusti
997 1373 1073 1422 sunt.

415 1442 572 1518 Meleager,
587 1442 705 1514 Creusa,
721 1443 864 1502 Hercules
879 1442 1055 1523 (601-600).

293 1523 357 1606 (29)
380 1524 439 1597 Qui
454 1535 542 1582 noctu
557 1525 710 1598 perierunt.

414 1605 522 1675 Dolon,
539 1605 655 1664 Rhesus
671 1604 848 1685 (627-630),
862 1606 993 1666 Ramnes
1009 1626 1076 1667 cum
1091 1608 1150 1668 suis
1164 1606 1245 1685 (652,
1264 1605 1302 1684 2).

312 1685 365 1768 (ἰί.)
386 1686 518 1746 Alterum
531 1705 623 1762 genus
638 1698 682 1745 est
696 1706 797 1747 eorum
811 1691 863 1764 qui
872 1691 987 1747 eamdem
1002 1691 1256 1767 nomzazifuerunt.

413 1769 514 1846 Pyrrhi
540 1767 676 1848 (301-8),
705 1770 811 1827 Aiaces
833 1768 1009 1847 (542-544),
1032 1771 1238 1847 Hippomenes
1259 1770 1303 1827 uir
1327 1769 1406 1829 Ata-

454 1851 558 1920 lantae,
581 1850 786 1927 Hippomenes
807 1851 947 1911 Limones
969 1852 1079 1911 adulter
1094 1848 1270 1933 (457-460),
1293 1851 1405 1910 Glauci

420 1938 421 1941 ’
456 1943 512 1990 tres
600 1965 621 1974 -
664 1935 703 1990 8.

312 2012 375 2092 (iii.)
396 1930 716 2089 Tertiumfiiriugiqii
725 2014 1119 2093 ezitsdemfamz'lzizesuerunt.

415 2094 584 2165 Thessalus,
612 2093 793 2170 Eurylochus
822 2094 1009 2173 (285-288);
1045 2096 1203 2172 Philippus
1232 2094 1405 2154 Alexander

457 2173 639 2252 (295-298);
654 2176 864 2252 Hippodamia,
880 2178 1052 2240 Oenomaus
1061 2173 1242 2256 (365-368);
1259 2177 1402 2250 Antaeus,

455 2256 563 2314 Busiris
574 2254 656 2335 (395,
670 2256 741 2336 399)
748 2278 756 2329 ;
778 2259 938 2335 Amphion,
950 2253 1056 2327 Niobe,
1067 2277 1136 2317 cum
1150 2259 1213 2317 filiis
1228 2259 1403 2334 filiabusque

458 2357 492 2409 14
508 2335 690 2416 (581-584);
713 2341 821 2410 lcaruS,
837 2340 966 2416 Erigone
980 2337 1156 2417 (622-624).

415 2419 473 2477 Sed
506 2439 542 2477 ex
575 2420 620 2479 his
648 2419 850 2497 Hippodamia
879 2439 944 2481 cum
975 2421 1139 2492 Oenomao,
1166 2421 1296 2480 Antaeus
1329 2439 1402 2479 cum

455 2500 594 2572 Busiride,
606 2501 730 2578 denique
745 2502 845 2561 Icarus
860 2521 927 2562 cum
941 2503 1072 2578 Erigona
1086 2503 1172 2562 etiam
1188 2504 1298 2579 primae
1313 2501 1401 2562 classi

453 2583 650 2658 adsignantur,
663 2593 811 2661 tamquam
826 2586 931 2644 eodem
945 2585 1046 2642 mortis
1061 2602 1168 2659 genere
1182 2583 1295 2643 adiecti.

292 2665 415 2724 Restant
429 2663 562 2723 historiae
577 2683 699 2740 quarum
713 2665 787 2723 inter
797 2685 828 2724 se
840 2683 986 2724 conexum
997 2665 1047 2724 uix
1058 2675 1137 2725 certo
1149 2665 1284 2741 explices.
1318 2663 1403 2722 Nam
1483 2668 1490 2678 '

250 2747 395 2805 interdum
408 2744 488 2804 nullo
507 2747 623 2804 uinculo
638 2746 794 2806 cohaerent
815 2748 870 2805 nisi
887 2746 968 2824 quod
987 2747 1072 2805 unius
1086 2746 1202 2806 fabulae
1222 2764 1290 2822 pars
1310 2756 1399 2805 sunt:

251 2829 292 2887 sic
324 2828 541 2902 coniunguntur
573 2827 755 2899 Philoctetes
789 2828 940 2904 Telephus
968 2825 1145 2906 (253-256),
1175 2828 1224 2905 qui
1250 2827 1338 2886 ambo
1367 2827 1401 2886 in

251 2908 365 2986 Cypriis
379 2909 549 2984 legebantur
564 2906 684 2987 (Kinkel
698 2908 753 2985 Ep.
769 2908 872 2968 Graec.
887 2911 1003 2985 Fragm.
1018 2928 1067 2985 pp.
1087 2912 1131 2979 18,
1150 2908 1210 2987 29);
1232 2907 1354 2984 Vlysses
1369 2921 1402 2966 et

249 2990 382 3050 Anticlus
403 2987 579 3069 (567-570),
602 3008 677 3066 quos
698 2991 811 3049 uidetur
835 2992 919 3050 simul
942 3008 1189 3050 commemorasse
1210 3008 1247 3048 ex
1269 2989 1401 3064 Odyssia

250 3070 319 3151 (Οά.
343 3073 464 3146 xi.134,
486 3073 521 3130 iv.
539 3069 701 3149 285-289),
722 3091 900 3148 quamquam
922 3073 961 3130 ibi
984 3091 1039 3131 nec
1060 3072 1179 3147 Vlysses
1201 3090 1219 3130 a
1240 3070 1400 3146 Telegono

249 3155 372 3224 occisus,
387 3172 442 3212 nec
454 3153 588 3212 Anticlus
602 3155 719 3229 periisse
733 3155 853 3213 traditur
861 3174 868 3227 3
891 3153 1038 3230 Crotopus
1054 3163 1081 3211 et
1092 3153 1195 3228 Argiui
1209 3169 1284 3229 quos
1296 3151 1401 3212 Poena

249 3234 355 3293 occidit
372 3234 546 3312 (573-576),
569 3252 693 3310 quorum
714 3236 893 3294 mentionem
915 3235 1023 3294 fecerat
1046 3233 1242 3294 Callimachus
1263 3231 1307 3312 (fr.
1326 3247 1399 3308 525,

250 3316 370 3375 fortasse
382 3318 411 3374 in
422 3314 526 3393 Ibide),
539 3327 567 3375 et
578 3315 679 3375 fecisse
694 3316 807 3376 uidetur
821 3316 1013 3376 Antimachus
1027 3317 1058 3374 in
1069 3315 1231 3384 Thebaide,
1244 3316 1267 3372 si
1277 3313 1400 3390 quidem

249 3397 316 3456 inde
331 3399 361 3455 in
376 3415 461 3456 suum
476 3416 548 3474 epos
563 3397 704 3456 transtulit
718 3397 845 3455 fabulam
862 3398 968 3457 Statius
980 3398 1076 3456 Theb.
1092 3396 1114 3455 1.
1127 3411 1185 3472 570
1200 3413 1279 3472 sqq.;
1301 3394 1400 3454 Thio-

249 3479 351 3537 damas
363 3489 391 3536 et
406 3478 502 3537 Cacus
513 3474 680 3556 (486-490)
692 3496 766 3554 quos
778 3481 817 3538 ob
831 3479 1072 3539 inhumanitatem
1086 3477 1229 3537 interfecit
1240 3475 1384 3536 Hercules
1389 3498 1398 3550 ;

250 3560 391 3632 617-624
406 3560 443 3617 ad
459 3560 595 3635 Vlyssem
609 3577 712 3618 omnes
725 3560 894 3631 reseruntur,
908 3561 964 3620 nisi
978 3560 1061 3636 quod
1075 3560 1222 3618 interiecta
1236 3566 1280 3616 est
1294 3557 1400 3633 ignota

248 3640 345 3698 fabula
366 3640 489 3699 Aethali.
541 3640 586 3698 Ex
611 3641 727 3717 reliquis
751 3652 817 3700 sunt
842 3661 964 3719 quarum
988 3652 1110 3700 nexum‘
1123 3641 1153 3698 in
1174 3639 1399 3698 Commentario

248 3722 384 3797 expedire
399 3733 522 3781 conatus
537 3740 619 3793 sum;
640 3722 731 3780 multo
745 3733 843 3782 tamen
865 3725 962 3800 plures
984 3722 1128 3782 eiusmodi
1149 3732 1215 3780 sunt
1235 3730 1268 3778 ut
1288 3721 1399 3780 obscu-

248 3804 323 3862 riore
339 3804 387 3862 iilo
403 3804 553 3878 copulatae
568 3804 701 3862 ordinem
715 3815 764 3863 aut
779 3805 889 3863 nullum
904 3814 952 3864 aut
967 3815 1043 3864 certe
1058 3804 1195 3862 latentem
1210 3812 1378 3879 sequantur.

290 3885 349 3945 Sed
362 3886 392 3943 in
407 3886 574 3944 uniuersum
589 3895 698 3944 mortes
713 3887 872 3962 generatim
892 3904 952 3945 non
972 3886 1116 3944 ordinauit
1130 3894 1196 3943 ante
1211 3903 1238 3943 u.
1255 3902 1323 3957 552,
1340 3902 1398 3944 nec

247 3974 315 4043 post
334 3973 402 4042 508.
446 3966 557 4027 Contra
577 3968 651 4026 intra
672 3967 727 4026 hos
748 3970 887 4027 terminos
908 3977 1044 4044 secuntur
1065 3966 1167 4025 ordine
1188 3965 1339 4023 distributo
1362 3984 1398 4025 ac

246 4068 342 4125 paene
367 4060 455 4118 certo,
477 4049 533 4108 nisi
558 4048 637 4126 quod
660 4057 796 4125 quattuor
820 4049 924 4107 fabuHs
949 4048 986 4107 de
1007 4048 1112 4124 Vlysse
1137 4046 1235 4106 addita
1258 4055 1302 4105 est
1325 4059 1398 4120 post

246 4132 357 4190 tertiam
378 4149 475 4207 poena
494 4149 583 4206 quam
602 4129 638 4187 de
659 4131 814 4189 Acerranis
834 4130 984 4189 Hannibal
1004 4130 1101 4205 exegit
1116 4123 1305 4206 (589-59ο);
1327 4140 1399 4203 post

246 4214 393 4272 mutilatos
408 4212 513 4283 Osirin,
530 4210 638 4281 Gallos,
659 4212 749 4282 Attin,
765 4211 970 4288 Hippomenes
991 4210 1143 4270 Atalantae
1162 4210 1206 4267 uir
1220 4220 1249 4268 et
1263 4208 1398 4269 eiusdem

247 4295 373 4353 nominis
388 4294 499 4352 adulter
514 4292 662 4364 Limones
676 4303 738 4351 tum
754 4306 782 4351 et
797 4293 997 4352 Cassandreus
1017 4299 1284 4351 commemorantur
1299 4288 1399 4366 (459-

247 4373 337 4452 462);
373 4387 440 4451 post
468 4374 607 4433 Perseum
635 4384 664 4432 et
692 4373 819 4433 Tennen
848 4393 912 4434 arca
941 4375 1079 4444 inclusos
1108 4373 1207 4432 nescio
1236 4388 1325 4448 quam
1355 4375 1398 4431 ob

244 4472 364 4515 causam
379 4455 553 4515 Theudotus
567 4457 604 4515 ad
624 4474 703 4514 aram
720 4455 832 4515 Phoebi
846 4466 998 4528 mactatus,
1014 4466 1043 4514 et
1058 4455 1263 4514 Abderitarum
1278 4453 1399 4526 κάθαρμα
