3126 4980
641 379 687 439 IN
709 379 806 441 IBIN.
1243 388 1297 445 101

151 535 210 594 suis
231 534 397 595 interfectus
419 545 471 608 est,
486 555 574 613 quem
596 548 700 614 postea
713 539 789 598 filius
804 556 873 598 suus
888 557 956 597 cum
970 539 1030 599 sica
1044 540 1301 621 uindicanti,‘quae

151 627 221 676 tunc
235 617 288 676 luit
302 636 414 677 nouum
428 636 521 692 genus
535 620 630 695 gladii.
675 619 711 680 G.

193 702 261 775 609.
284 698 397 776 thue
411 699 505 771 Milo,
520 702 631 760 robur.
663 700 745 772 Mile,
760 701 863 761 uolens
878 704 1012 762 arborem
1023 703 1140 777 findere,
1153 705 1222 783 quia
1236 724 1299 765 non

150 779 251 839 habuit
264 798 407 851 cuneum,
429 799 550 850 manum
573 800 656 841 sunm
683 783 803 862 fissurae
830 784 978 861 imposuit,
1003 796 1032 844 et
1055 789 1300 847 extractasecuri

150 863 228 921 stetit
241 863 280 920 ibi
295 862 370 920 fixus
385 880 483 921 manu.
529 863 565 923 G.

194 945 261 1002 61'1.
305 942 578 1022 Muneribusque
627 946 703 1004 tuis.
786 940 917 1005 Bricchus
932 949 1009 1006 misit
1023 946 1142 1019 Icarum
1160 957 1193 1007 ut
1207 950 1300 1009 Athe-

151 1024 250 1084 Icarus
279 1026 359 1083 iussu
388 1025 491 1084 Bacchi
518 1045 570 1102 per
598 1036 704 1085 terram
737 1028 895 1086 ‘niensibus
930 1030 1032 1087 uinum
1068 1030 1198 1088 deferret.
1245 1032 1301 1108 ipsi

150 1108 253 1164 uinum
274 1108 417 1184 portabat,
436 1108 487 1166 sed
508 1108 539 1164 in
559 1109 607 1166 uia
627 1127 705 1167 mes·
747 1127 817 1184 ergo
842 1109 974 1168 inebriati
998 1111 1067 1169 uino
1093 1112 1188 1187 ipsum
1213 1112 1301 1171 inter-

151 1206 232 1246 sores
274 1189 411 1247 inuentos
456 1189 617 1261 inebriauit‚
655 1190 705 1266 qui
747 1189 876 1249 fecerunt
899 1199 927 1249 et
949 1192 1132 1267 proiecerunt
1156 1193 1187 1250 in
1209 1211 1301 1269 quen·

150 1279 285 1346 putantes
306 1271 413 1328 bibisse
434 1271 512 1330 uirus
531 1288 599 1329 eum
618 1271 705 1329 inter·
747 1270 815 1329 dam
830 1281 957 1348 puteum.
990 1273 1048 1331 filia
1062 1292 1133 1332 uero
1147 1274 1217 1346 eius,
1233 1285 1301 1350 post

151 1351 289 1410 fecerunt.
333 1353 413 1410 canis
434 1353 496 1410 eius
519 1352 641 1410 domum
661 1371 705 1411 re·
746 1370 835 1429 quam
857 1352 929 1412 uidit
953 1372 1056 1414 canem
1077 1373 1225 1414 reuersum
1251 1357 1302 1434 qui

149 1451 276 1509 gressus,
290 1431 439 1509 Erigonen
454 1433 610 1490 liliamn‘ns
624 1433 706 1492 duxit
747 1451 814 1491 cum
837 1453 874 1493 eo
897 1435 997 1505 inerat,
1016 1437 1148 1496 insecuta
1168 1444 1213 1496 est
1233 1456 1301 1496 eum

150 1515 188 1573 ad
208 1525 329 1590 puteum
349 1515 380 1572 in
395 1532 454 1590 quo
472 1516 638 1573 submersus
653 1524 705 1573 est.
746 1533 840 1591 usque
860 1516 898 1576 ad
919 1525 1041 1592 puteum
1061 1518 1091 1575 in
1112 1536 1201 1594 quem
1221 1528 1303 1594 pater

151 1614 186 1655 ea
210 1614 281 1654 uero
306 1597 345 1654 ibi
374 1597 447 1654 luxit
475 1607 588 1673 patrem
620 1614 705 1654 suum
746 1598 891 1672 proiectus
906 1597 1006 1669 fuerat,
1024 1607 1053 1657 et
1066 1598 1171 1658 uidens
1188 1609 1302 1675 patrem

150 1677 235 1735 simul
270 1696 338 1736 cum
372 1695 463 1749 cane;
506 1678 556 1754 qui
600 1695 705 1737 omnes
746 1688 894 1737 mortuum
909 1697 940 1737 se
955 1680 1151 1756 strangulault.
1186 1680 1232 1739 Ῥ.

150 1759 278 1817 translati
293 1759 404 1817 suntin
419 1758 540 1817 caelum.
585 1758 622 1818 G.
1296 1779 1301 1790 ⁴·

193 1843 261 1914 613.
284 1840 703 1916 Quodquedolorenecis.

151 1921 187 1980 de
201 1923 339 1997 Erigone.
384 1921 421 1981 G.

193 2006 260 2078 615.
284 2004 542 2079 Obstructoque
570 2004 703 2061 famem.
786 2002 942 2075 †Eristeus,
978 2004 1047 2080 quia
1080 2015 1208 2064 uastator
1242 2014 1303 2063 erat

151 2085 306 2157 †Erisicus‚
317 2087 385 2162 quia
395 2084 447 2142 fuit
455 2086 703 2161 uastatorsegetis,
746 2094 888 2161 segetum,
908 2103 926 2142 a
947 2083 1054 2144 Cerere
1076 2087 1231 2145 missusin
1253 2104 1302 2144 ex-

151 2166 289 2226 aCerere
310 2167 417 2226 missus
436 2167 467 2225 in
489 2167 615 2238 exilium,
630 2167 707 2226 lame
748 2166 827 2224 ilium
850 2168 933 2242 periit
952 2166 1038 2238 farne,
1060 2162 1105 2246 [ut
1122 2168 1160 2225 ait
1179 2166 1302 2227 Ouidius

152 2249 246 2327 periit.
292 2247 328 2307 G.
749 2247 786 2306 de
799 2244 1020 2328 Erisichthone}
1066 2247 1093 2307 C
1105 2249 1212 2306 etAslr.

184 2333 261 2405 617.
283 2329 383 2388 lllius
404 2330 564 2406 exemplo
584 2329 704 2388 uioles.
787 2328 948 2388 Diomedes
969 2330 1125 2405 palladium
1151 2329 1303 2393 Mineruae

150 2412 250 2471 Vlixes
275 2421 365 2470 noctu
390 2412 512 2470 Troiam
535 2412 651 2470 intrauit
676 2420 705 2470 et
746 2411 825 2486 apud
843 2411 970 2469 -Troiam
995 2429 1062 2470 cum
1087 2411 1171 2470 Vlixe
1193 2412 1304 2470 furatus

151 2493 260 2553 furatus
288 2503 333 2552 est
363 2493 531 2552 Palladium.
575 2493 636 2551 eius
667 2492 703 2551 de
746 2502 789 2550 est
806 2488 847 2571 [et
862 2511 914 2569 per
928 2493 1053 2551 cloacam
1064 2488 1175 2572 exiuit].
1213 2499 1304 2569 quare

151 2576 273 2635 consilio
281 2574 440 2652 Iphigenia
451 2574 589 2644 debuitfflin
598 2574 704 2633 Aulide
746 2573 881 2632 Minerua
902 2574 973 2633 irata
986 2574 1103 2632 Vlixem
1123 2571 1189 2653 [per
1209 2570 1303 2655 mare]

141 2697 242 2764 fabula
257 2699 367 2751 adrem.
404 2697 498 2750 Locum
515 2696 541 2748 di
568 2695 690 2748 cillimum
704 2694 802 2764 plenius
814 2697 841 2748 in
857 2715 966 2750 excursu
981 2698 1097 2749 tractaui
1132 2695 1305 2762 Ligurgusd

153 2768 305 2820 uindicatus
318 2773 359 2821 est
372 2768 413 2820 uit
427 2770 451 2820 G
521 2767 600 2834 gagii
615 2768 647 2821 G.

187 2843 248 2904 609.
267 2839 392 2891 suumG
475 2839 598 2891 Mannum
620 2836 733 2891 Scholion
752 2838 822 2891 inG
908 2852 1026 2889 mersam
1048 2853 1133 2904 quare
1155 2854 1219 2890 cum
1242 2835 1304 2906 (?in

85 2920 87 2923 ·
150 2908 295 2979 quercum)
313 2909 378 2961 milo
397 2909 524 2975 imposuit
542 2924 638 2960 manus
656 2913 685 2960 et
703 2906 754 2961 illis
771 2907 903 2976 impositis
919 2908 1012 2959 iuncta
1027 2913 1070 2960 est
1086 2923 1205 2976 quercus
1221 2916 1250 2963 et
1267 2908 1307 2961 ita

151 2981 240 3033 amisit
253 2995 349 3033 manus
396 2979 522 3033 Abestab
535 2980 600 3033 Ask.
638 3004 642 3013 ¹

1171 3057 1184 3080 ll

186 3095 248 3145 611.
265 3090 383 3144 bachiG
470 3091 594 3143 unumG
683 3089 861 3155 erigonemG
952 3090 1067 3142 suamG
1156 3091 1307 3157 poteumG

152 3163 257 3216 Dichus
269 3166 293 3215 P
364 3164 408 3214 An
426 3174 463 3216 est
480 3163 572 3215 Bixoc?
608 3179 654 3228 qno
671 3180 733 3213 sane
750 3161 847 3212 nomine
864 3178 911 3212 non
930 3161 1009 3228 inepte
1027 3170 1160 3212 uocaretur
1181 3161 1307 3229 magister

152 3237 224 3288 Icari
293 3249 405 3302 ycarum
418 3237 442 3286 P
513 3232 592 3285 Gnon
605 3231 680 3284 habet
692 3231 810 3295 scholion,
823 3232 888 3284 Ask.
902 3233 938 3282 sic
953 3229 1045 3282 Icarus
1057 3230 1159 3296 primus
1172 3229 1307 3298 plantauit

151 3305 261 3357 niueam
273 3310 302 3358 et
314 3303 349 3357 de
361 3305 426 3357 uiuo
439 3303 513 3372 quod
526 3303 589 3355 inde
601 3301 697 3354 habuit
709 3301 874 3354 messoribus
886 3301 920 3353 ad
929 3299 1078 3353 bibendum
1091 3300 1174 3355 dedit.
1213 3301 1263 3354 Vel
1277 3306 1308 3353 ut

152 3375 196 3428 alii
217 3375 313 3428 dicunt
334 3375 427 3428 lcarus
451 3376 523 3426 iussu
548 3373 589 3426 sui
611 3373 714 3425 domiui
738 3372 832 3424 uinum
858 3371 971 3423 Thebas
995 3370 1123 3439 portabat
1147 3377 1176 3424 et
1200 3371 1308 3424 inuenit

153 3462 287 3499 messores
298 3446 397 3514 quibus
408 3445 503 3497 uinum
515 3443 600 3497 dedit.
637 3444 693 3513 Qri
712 3442 838 3495 inebriati
857 3447 987 3511 putantes
1003 3458 1032 3495 se
1051 3457 1191 3494 uenenum
1207 3442 1307 3494 bibisse

153 3518 328 3585 proiecerunt
349 3517 436 3584 ipsum
458 3517 486 3568 in
501 3521 625 3584 puteum.
663 3514 793 3567 Canicula
814 3529 882 3565 uero
901 3528 965 3565 cum
988 3528 1023 3566 eo
1044 3512 1084 3566 ire
1105 3513 1184 3565 solita
1203 3513 1254 3565 iuit
1273 3513 1308 3565 ad

155 3588 293 3654 Erigonen
307 3587 388 3640 filiam
407 3587 477 3640 lcari
496 3592 526 3639 et
544 3585 642 3639 morsis
659 3584 780 3638 uestibus
793 3584 871 3637 duxlt
884 3583 919 3637 ad
932 3589 1054 3652 patrem:
1074 3599 1143 3651 quae
1157 3590 1235 3652 patre
1247 3586 1308 3636 uiso

153 3674 182 3711 se
207 3658 295 3711 uoluit
322 3659 497 3727 suspendere.
534 3657 588 3710 Sed
609 3657 710 3723 iupiter
730 3671 792 3708 eam
818 3671 881 3707 cum
909 3671 977 3707 cane
999 3660 1027 3707 et
1048 3662 1127 3723 patre
1148 3655 1307 3707 translatam

153 3728 324 3794 stellificauit,
338 3735 369 3782 ut
382 3729 448 3782 dicit
462 3728 585 3781 Ouidius.
616 3732 645 3780 et
658 3727 711 3780 hoc
724 3731 765 3779 est
778 3726 853 3794 quod
865 3725 933 3778 dicit
947 3725 1084 3793 Quodque
1097 3725 1211 3787 dolore..

189 3802 250 3863 615.
269 3800 410 3853 Euristeus
423 3801 488 3854 Ask.
559 3804 591 3851 ut
604 3799 641 3850 ait
654 3796 769 3850 Ouidius
781 3797 816 3850 de
829 3794 998 3865 Erisithoue]
1012 3798 1070 3850 add.
1086 3799 1150 3850 Ask.
1223 3800 1307 3849 Inter·

153 3872 263 3939 pretatio
275 3871 355 3936 falsa
373 3872 418 3923 sed
432 3873 547 3938 antiqua.
585 3869 704 3922 Erisicus
717 3870 823 3938 propius
842 3887 918 3936 qnam
937 3868 1060 3920 Eristeus
1079 3868 1176 3920 uidetur
1193 3868 1309 3920 accedere

155 3942 192 3992 ad
208 3942 237 3993 id
250 3942 315 4009 quod
321 3945 442 4009 fortasse
452 3942 578 3995 traditum
587 3943 693 4007 fuerat.
730 3940 777 3992 Ad
787 3939 927 4008 rubiginem
943 3935 1090 4006 (ἐρυσίβην)
1105 3940 1202 4004 referas
1221 3955 1308 3989 nomen

156 4013 255 4079 Erysiti
267 4030 310 4064 seu
322 4014 383 4080 qnid
399 4011 472 4065 aliud
485 4012 606 4065 eiusmodi
615 4012 682 4077 fnit.
718 4010 816 4062 Eodem
830 4020 932 4079 poterat
943 4018 1056 4077 spectare
1066 4009 1132 4075 quod
1144 4020 1239 4076 parens
1255 4009 1308 4059 eins

157 4082 231 4135 Ceres
243 4094 288 4148 est,
301 4085 354 4136 sine
365 4085 565 4149 eafrumentnm
577 4085 629 4134 siue
641 4091 713 4135 terra
725 4091 771 4134 est.
796 4080 894 4147 Rubigo
907 4081 972 4132 enim
986 4079 1057 4130 modo
1066 4097 1098 4129 ex
1107 4081 1159 4145 r'pso
1163 4077 1308 4143 frumento,

157 4153 228 4205 modo
239 4173 271 4206 ex
283 4165 370 4206 terrae
385 4155 446 4206 nitio
456 4164 629 4223 progenerata
638 4151 761 4222 fingitur.
798 4150 954 4217 Salnagnius
967 4149 1028 4201 haec
1043 4149 1109 4200 dedit
1122 4147 1309 4214 Eurysthenes

156 4229 276 4276 matrem
294 4223 461 4276 Laconicam
480 4223 642 4276 crudelitate
661 4222 781 4275 nobilem
801 4218 905 4284 habuit,
918 4235 989 4286 quae
1007 4218 1063 4271 filio
1082 4218 1110 4270 in
1126 4217 1228 4270 bellum
1243 4233 1308 4286 pro·

157 4292 253 4347 deunti
266 4294 426 4347 mandatum
436 4293 513 4346 dedit
523 4310 557 4347 ne
570 4293 683 4345 domum
693 4296 882 4346 reuerteretur
892 4290 943 4342 nisi
955 4289 1040 4343 caede
1050 4289 1170 4341 hostium
1179 4287 1308 4356 pollutus.

159 4365 186 4417 ls
199 4380 372 4433 nequaquam
385 4364 413 4418 id
426 4364 587 4433 perfunctus
599 4368 650 4430 est,
660 4378 744 4431 quare
757 4377 774 4414 a
785 4364 876 4414 matre
887 4362 994 4415 clausus
1006 4359 1097 4412 inedia
1108 4359 1246 4412 extinctus
1258 4366 1308 4415 est.

169 4435 471 4504 .617.euphigeniaG
557 4433 646 4487 hiisG
735 4433 945 4486 et-exiuitom.
959 4432 1025 4484 Ask.
1113 4430 1311 4498 perdeacamG

157 4508 190 4573 cf.
205 4507 275 4569 Syru.
288 4508 326 4560 ad
336 4508 448 4561 Aenll.
464 4508 513 4558 166
569 4505 637 4559 irata
650 4504 773 4558 minerua
786 4504 854 4557 irata
863 4503 889 4557 ‘G
958 4501 1040 4570 pallas
1053 4500 1122 4555 irata
1134 4504 1199 4557 Ask.
1259 4518 1310 4571 per
