3038 4988
175 388 233 443 150
576 373 924 438 COMMENTARIVS.

174 533 286 591 Similia
307 532 343 589 de
364 548 451 588 uxore
474 530 663 588 Hasdrubalis
684 532 799 587 tradunt
820 532 895 586 Flor.
914 528 941 585 ii.
963 541 1002 599 15,
1024 528 1088 585 Val.
1112 527 1190 583 Max.
1210 526 1249 585 iii.
1267 544 1290 584 2.
1304 528 1328 585 8.

174 607 234 661 Sed
254 616 351 660 tamen
373 605 420 659 uix
445 604 621 659 satisfactum
643 603 685 658 sic
707 619 810 657 censeo
832 600 926 657 uerbis
947 599 1096 666 cupidine
1120 605 1245 669 mortis,
1267 617 1328 654 cum

173 677 268 748 potius
286 677 362 731 uitae
381 686 545 744 contemptu
562 673 703 728 Axiothea
720 672 852 743 perierit3
879 683 1027 741 praeterea
1044 688 1216 726 succensae
1235 685 1328 738 pyras

174 748 275 802 melius
300 748 336 802 de
360 756 451 800 morte
475 745 666 815 interpreteris
691 743 782 815 qualis
804 743 854 798 luit
877 743 1013 797 Euadnes
1034 759 1069 796 ac
1092 742 1261 797 Semiramis
1285 759 1328 811 ap.

175 821 251 889 Hyg.
263 833 324 886 243.
354 817 428 872 Vide
442 819 608 871 Excursum.
680 818 745 869 519.
764 818 973 878 Inclususque
985 828 1094 867 necem
1106 829 1214 869 cauea.
1243 814 1329 867 Recte

176 889 344 944 Laurentius
364 887 528 942 Abstemius
547 897 575 941 et
594 895 660 941 ante
679 903 744 940 euni
765 885 924 940 Scholiasta
943 885 965 938 P
984 885 1021 938 de
1041 884 1219 938 Callisthene
1238 884 1329 937 locum

175 959 380 1014 intellexerunt.
402 960 448 1012 De
462 975 496 1012 eo
509 956 605 1011 omnia
618 956 730 1026 collegit
742 959 773 1011 C.
785 957 939 1010 Muellerus
952 955 981 1008 in
995 957 1109 1023 Fragrn.
1119 954 1329 1009 Historicorum

175 1030 223 1099 qui
237 1029 273 1083 de
282 1028 444 1082 Alexandro
454 1028 634 1097 scripserunt.
655 1026 753 1081 lustin.
766 1039 830 1095 15.3
842 1028 913 1081 Cum
922 1026 1089 1080 Alexander
1096 1041 1222 1096 magnus
1232 1025 1330 1080 Callis-

174 1099 275 1154 thenen
289 1098 489 1169 philosophum
503 1102 625 1168 propter
640 1098 822 1151 salutationis
840 1098 968 1151 Persicae
985 1096 1199 1165 interpellatum
1219 1112 1330 1163 morem,

175 1171 356 1236 insidiarum,
374 1186 446 1238 quae
463 1170 519 1222 sibi
529 1173 653 1240 paratae
664 1169 796 1237 fuerant,
817 1169 956 1222 conscium
968 1168 1064 1236 fuisse
1084 1168 1181 1220 i'ratus
1189 1167 1331 1236 finxisset,

174 1257 293 1308 eumque
304 1241 444 1293 truncatis
455 1240 608 1294 crudeliter
616 1239 744 1293 omnibus
760 1239 890 1292 membris
907 1238 1072 1306 abscisisque
1089 1238 1209 1290 auribus
1221 1254 1256 1290 aa
1266 1253 1333 1290 naso

174 1311 314 1380 labiisque
335 1310 458 1381 deforme
481 1327 515 1363 ae
536 1310 728 1364 miserandum
752 1309 940 1379 spectaculum
964 1308 1136 1376 reddidisset,
1161 1309 1284 1376 insuper
1301 1309 1332 1360 in

175 1398 262 1436 cauea
290 1397 354 1434 curn
383 1398 451 1434 cane
479 1381 607 1435 clausum
638 1381 679 1434 ad
704 1386 808 1435 metum
838 1386 991 1433 ceterorum
1021 1378 1238 1446 circumferre&
1268 1384 1334 1432 tunc

174 1450 368 1521 Lysimachus,
392 1451 493 1505 audire
517 1451 705 1506 Callisthenen
729 1456 757 1504 et
778 1454 930 1520 praccepta
954 1450 988 1502 ab
1011 1466 1042 1503 eo
1065 1450 1187 1501 uirtutis
1210 1450 1334 1518 accipere

175 1524 285 1590 solitus,
303 1523 454 1575 miseratus
469 1524 546 1575 tanti
560 1524 623 1575 uiri
638 1539 695 1575 non
713 1522 818 1591 culpae,
837 1522 887 1575 sed
901 1520 1040 1574 libertatis
1052 1522 1161 1589 poenas
1173 1520 1333 1589 pendentis,

176 1607 315 1647 uenenum
327 1594 356 1646 ei
365 1594 396 1646 in
409 1593 531 1647 remedia
543 1594 751 1647 calamitatium
763 1593 847 1646 dedit.
886 1590 970 1660 Diog.
986 1592 1016 1644 L.
1029 1609 1055 1644 v.
1070 1601 1084 1658 5
1099 1589 1185 1656 Δόξας
1195 1587 1333 1660 Ἑρμολάῳ

177 1661 416 1732 συμμετεσχηκέναι
434 1666 479 1731 τῆς
496 1663 531 1717 εἷς
544 1663 662 1730 Αλέξανδ
679 1685 708 1716 ον
721 1662 862 1730 ἐπιβουλῆς
881 1662 909 1716 ἐν
927 1661 1022 1730 σιδηρᾷ
1037 1658 1174 1730 περιήγετο
1192 1661 1333 1730 γαλεάγρᾳ,

176 1734 301 1801 φθειριῶν
325 1734 366 1787 καὶ
390 1733 539 1800 ἀκόμιστος·
554 1736 612 1798 ,καὶ
637 1684 712 1788 τέλος
736 1732 821 1786 λέοντι
845 1731 1021 1801 ποραβληθεὶς
1045 1728 1112 1784 οὕτω
1143 1732 1332 1800 κατέστρεψεν.

178 1804 289 1861 Similia
308 1803 411 1858 Suidas
429 1820 452 1859 s.
462 1821 489 1858 u.
507 1803 696 1871 Καλλισθένης.
733 1802 791 1858 Sed
811 1804 977 1857 Plutarchus
995 1803 1075 1856 Alex.
1090 1813 1104 1870 ς
1109 1814 1131 1870 5,
1144 1800 1284 1855 Arrianus
1297 1800 1331 1856 iv.

181 1890 222 1942 14,
237 1874 349 1930 Curtius
362 1874 417 1929 viii.
432 1876 448 1928 8
461 1874 517 1929 alia
530 1884 557 1929 et
570 1874 681 1929 ueriora
693 1874 816 1942 tradunt,
831 1874 1023 1930 Callisthenen
1042 1881 1091 1926 aut
1107 1881 1173 1941 post
1190 1880 1333 1926 tormenta

178 1963 348 2015 suspensum
369 1945 464 2013 fuisse,
486 1955 534 1999 aut
555 1945 681 2000 uinctum
700 1954 728 1999 et
746 1957 811 1999 cum
829 1944 953 1999 exercitu
970 1945 1025 1997 huc
1043 1943 1109 1996 illuc
1127 1942 1332 2010 circumlatum,

179 2018 272 2071 donec
293 2016 393 2070 morbo
415 2015 536 2085 perierit.
574 2017 662 2071 Grote
683 2015 759 2070 Hist.
781 2016 813 2069 of
831 2018 938 2070 Greece
951 2013 996 2069 xii.
1014 2031 1043 2095 p.
1057 2028 1118 2081 302.
1157 2014 1240 2067 ldem
1269 2029 1332 2082 sup

179 2086 295 2157 plicium
317 2102 422 2140 caueae
443 2086 504 2140 siue
521 2087 668 2155 γολεαγρᾶς
685 2102 836 2156 perpessus
854 2095 897 2140 est
919 2102 937 2140 a
956 2084 1126 2153 Lysimacho
1141 2085 1333 2153 Telesphorus

180 2151 251 2211 Plu't.
267 2157 303 2210 de
316 2156 387 2209 Exil.
401 2156 455 2224 xvi,
468 2157 570 2211 Athen.
584 2158 646 2225 616,
660 2155 726 2212 Sen.
739 2157 775 2210 de
790 2159 837 2211 Ira
849 2156 887 2210 iii.
903 2169 942 2222 17.
978 2161 1015 2209 ut
1026 2159 1087 2209 ille.
1121 2154 1250 2208 Celebris
1263 2154 1334 2209 inter

180 2227 332 2295 scriptores
350 2243 426 2280 mors
447 2226 635 2282 Callisthenis.
673 2227 739 2281 Fuit
759 2227 948 2296 Theophrasti
969 2225 1040 2280 liber
1061 2225 1211 2294 singularis
1235 2227 1333 2278 Καλλι-

180 2296 275 2363 σθένης
291 2295 306 2363 ἢ
325 2297 385 2364 περὶ
402 2294 511 2352 πένθους
530 2298 626 2367 (Diog.
644 2300 675 2352 L.
692 2317 716 2352 v.
737 2313 780 2365 44,
800 2300 884 2352 Tusc.
905 2297 987 2366 Disp.
1007 2296 1044 2350 iii.
1066 2311 1105 2350 10.
1125 2310 1168 2363 21,
1186 2313 1212 2350 v.
1232 2310 1259 2364 9.
1278 2295 1333 2364 25).

181 2369 246 2422 Seri.
262 2369 299 2421 N.
314 2367 347 2435 Q.
358 2366 393 2421 vi.
405 2382 439 2434 23
452 2369 489 2421 Si
498 2369 571 2437 quid
579 2369 661 2439 apud
668 2375 695 2423 te
702 2370 866 2439 mifiictura
877 2370 990 2422 testium
1002 2367 1087 2420 turba
1098 2372 1158 2420 est:
1175 2365 1251 2420 hanc
1261 2368 1335 2419 enim

182 2436 367 2492 Callisthenes
379 2438 490 2507 probat,
509 2455 566 2492 non
584 2444 756 2564 contemqbtus
774 2441 829 2493 uir.
863 2440 1015 2508 suitenim
1027 2438 1076 2491 illi
1086 2437 1176 2490 nobile
1187 2439 1334 2507 ingenium

180 2515 208 2562 et
216 2507 376 2578 furibundi
391 2510 467 2578 regis
484 2511 643 2579 impatiens.
702 2512 728 2565 ic
742 2515 783 2564 est
793 2510 959 2564 Alexandri
974 2510 1079 2563 crimen
1097 2514 1244 2561 aeternum
1263 2507 1339 2577 qnod

181 2579 265 2633 nulla
277 2579 380 2646 uirtus,
393 2580 476 2632 nulla
487 2580 622 2633 bellorum
625 2580 754 2652 felicitas
765 2581 888 2635 redimet.
961 2583 1032 2633 520.
1050 2582 1126 2633 Non
1137 2580 1335 2643 profecturae

182 2647 333 2719 quominus
352 2659 514 2704 moreretur.
552 2653 593 2704 M.
613 2651 649 2704 vi.
666 2651 715 2705 261
742 2653 863 2706 Vltimus
879 2651 1005 2705 [tianeus
1023 2667 1080 2703 nan
1094 2648 1260 2719 profeectura
1271 2653 1335 2719 pre·

181 2720 270 2774 cando
282 2718 408 2772 Brachia
420 2721 582 2790 sustulerat,
594 2721 650 2776 xiii.
660 2737 720 2789 411.
773 2725 917 2776 conditor
929 2724 975 2775 Tr.
989 2721 1016 2774 ii.
1026 2720 1078 2787 4-16
1090 2721 1203 2773 Eubius
1215 2721 1337 2807 impurae

182 2791 312 2844 conditor
321 2789 463 2845 historiae.
499 2790 651 2847 historiae
669 2792 821 2847 Alexandri
840 2809 932 2846 rerum
951 2801 1103 2860 gestarum,
1122 2795 1173 2844 τῶν
1192 2810 1239 2843 κατ
1263 2790 1335 2844 Ἀλέ-

183 2860 300 2930 ξονδρον.
340 2860 398 2915 Cic.
408 2861 443 2914 de
455 2862 533 2916 Orat.
544 2862 572 2915 ii.
585 2878 624 2929 14.
636 2865 668 2932 58
681 2865 752 2917 Post
762 2864 797 2916 ab
808 2863 836 2916 A
840 2864 963 2920 nstotele
973 2862 982 2930 (
985 2859 1140 2933 prirfectus)
1152 2860 1336 2915 Callisthenes

181 2949 270 2986 comes
278 2931 443 2986 Alexandri
451 2935 567 3002 scripsit
577 2933 733 2988 historiam.
770 2935 814 2988 Et
825 2933 871 2987 hic
881 2934 992 3003 quidem
1005 2933 1142 2986 rhetorico
1149 2934 1242 3000 paene
1253 2949 1336 2986 more.

183 3001 380 3070 (Abstemius).
434 3005 498 3057 621Ὶ
519 3008 683 3070 repertori.
709 3006 798 3059 Recte
810 3004 1012 3058 Archilochum
1025 3002 1193 3071 intelligunt,
1204 3002 1252 3072 qui
1265 3005 1335 3056 iam-

182 3074 274 3126 bicum
296 3080 417 3127 metrum
434 3076 551 3144 primus
572 3077 691 3143 inuenit,
709 3077 804 3128 Acron
823 3075 860 3128 ad
882 3077 952 3128 Hor.
974 3075 1008 3128 A.
1030 3075 1061 3126 P.
1080 3086 1115 3142 79
1132 3071 1336 3128 Archilochum

177 3145 300 3214 proprio
318 3145 409 3198 rabies
426 3147 555 3199 armauit
571 3147 671 3212 iambo,
690 3145 724 3199 cf.
745 3147 815 3199 Plut.
834 3146 871 3200 de
890 3148 965 3199 Mus
978 3143 1082 3209 xxviii;
1101 3143 1231 3213 quamuis
1250 3144 1336 3198 etiam

184 3215 323 3268 Simonidi
332 3215 487 3283 Amorgino
500 3216 529 3270 id
542 3233 560 3270 a
572 3216 713 3270 nonnullis
729 3215 902 3270 adtributum
914 3215 991 3269 dicat
1002 3214 1105 3269 Suidas
1118 3231 1139 3267 s.
1148 3231 1174 3267 u.
1188 3216 1336 3282 Σιμωνίδης,

182 3286 324 3354 Anonym.
345 3303 389 3355 ap.
409 3287 541 3340 Welcker
559 3286 588 3340 in
608 3289 683 3341 Mus,
703 3288 795 3342 Rhen.
811 3287 876 3355 1835
896 3303 923 3355 p.
937 3298 989 3354 354
1009 3285 1103 3352 (Mure
1123 3284 1190 3338 Crit.
1213 3284 1288 3339 Hist.
1309 3285 1341 3338 of

184 3357 293 3410 Greece
306 3356 345 3409 iii.
358 3357 474 3425 p.173);
492 3357 659 3412 Aristoteles
672 3367 767 3412 autem
781 3359 860 3411 Poet.
873 3356 900 3410 iv
916 3356 1042 3410 iambum
1058 3357 1187 3409 naturale
1200 3354 1336 3424 quiddam

183 3435 212 3479 et
225 3443 259 3480 ex
271 3427 414 3496 loquendo
427 3427 507 3496 quasi
521 3439 621 3497 sponte
634 3438 726 3482 ortum
739 3437 863 3482 censeat.
898 3430 1059 3492 pugnacis.
1084 3427 1155 3480 Hor.
1165 3426 1258 3495 Epod.
1269 3427 1295 3480 6.
1307 3441 1334 3479 11

183 3496 215 3547 in
228 3497 318 3549 malos
329 3500 503 3565 asperrimus
514 3500 625 3552 Parata
637 3499 705 3552 tollo
717 3515 823 3552 cornua
841 3499 943 3568 Qualis
954 3496 1107 3566 Lycambae
1124 3499 1236 3564 spretus
1251 3497 1338 3566 infido

179 3580 276 3644 gener.
315 3564 362 3618 Sic
377 3568 502 3621 Catullus
515 3568 549 3622 xl.
564 3583 619 3634 2.4
637 3579 734 3623 monet
753 3569 896 3623 Rauidum
914 3585 951 3622 ne
969 3577 1049 3622 actus
1068 3583 1205 3636 praeceps
1225 3566 1254 3620 in
1272 3584 1336 3621 suos

184 3634 295 3714 iambcs
314 3636 456 3689 Vecordem
465 3642 552 3706 parer
562 3641 684 3694 excitare
696 3641 798 3694 rixam.
915 3642 985 3693 522.
1003 3642 1038 3692 in
1050 3641 1184 3692 exitium
1196 3654 1290 3707 neque
1303 3638 1337 3691 de

183 3705 356 3758 Archilocho
369 3706 423 3760 hoc
436 3706 570 3761 traditum
583 3726 675 3779 neque
689 3709 836 3764 Simonide
849 3728 855 3764 ι
874 3727 942 3764 nain
955 3708 991 3763 de
1005 3707 1159 3763 Simonidis
1176 3717 1268 3762 morte
1281 3725 1336 3762 non

184 3784 306 3856 constat,
318 3775 520 3831 Archilochum
533 3778 562 3833 in
575 3796 671 3849 pugna
682 3780 794 3835 necauit
806 3781 957 3849 Calondas,
971 3777 1139 3848 cognomine
1154 3781 1254 3848 Corax,
1265 3788 1337 3833 teste

185 3846 283 3913 Surda,
296 3847 324 3899 h.
335 3863 359 3900 e.
373 3856 403 3900 ut
421 3846 540 3917 uidetur,
553 3850 681 3920 Aeliano,
695 3853 730 3905 ct.
745 3852 817 3905 Plut.
836 3851 872 3905 de
892 3851 962 3905 Sera
976 3853 1003 3904 N
1006 3867 1063 3903 um.
1075 3848 1161 3903 Vind.
1174 3849 1240 3902 xvii.
1282 3850 1338 3904 Sed

183 3919 304 3972 fortasse
323 3919 486 3973 recordatus
505 3929 548 3974 est
567 3931 652 3990 poeta
670 3932 769 3977 notum
788 3921 856 3975 illud
875 3920 1037 3975 Archilochi
1056 3921 1159 3990 τέττιγα
1176 3924 1223 3973 τοῦ
1244 3923 1338 3990 πτεροῦ

184 3990 345 4070 συνείληφας
358 3988 486 4058 (Lucian.
500 3992 629 4046 Pseudol.
644 3992 663 4062 i)
678 3992 754 4074 quod
772 3992 796 4046 is
816 3993 845 4046 in
863 3992 1081 4046 maledicentem
1098 3989 1152 4044 sibi
1170 3990 1207 4043 ob
1220 3990 1337 4044 nimiam

184 4069 367 4129 asperitatem
386 4062 541 4115 carminum
561 4063 647 4117 fertur
664 4063 769 4117 dixisse
784 4083 789 4117 ε
809 4081 876 4117 nam
890 4074 919 4118 ut
933 4063 1032 4117 cicada
1045 4062 1068 4116 si
1082 4063 1141 4116 alas
1154 4061 1337 4130 prehenderis

183 4131 314 4200 quamuis
333 4130 369 4185 sit
388 4142 488 4186 natura
506 4133 714 4202 loquacissima,
734 4134 764 4188 fit
784 4135 962 4204 apprehensa
979 4132 1132 4203 loquacior,
1148 4131 1190 4185 sic
1208 4132 1337 4185 Archilo-

184 4202 262 4269 chus,
281 4219 346 4255 cum
364 4213 465 4257 natura
483 4214 557 4258 esset
576 4204 783 4273 acerbissimus,
803 4205 889 4260 etiam
908 4203 1035 4259 acerbior
1054 4201 1214 4272 corripienti
1234 4202 1337 4268 fiebat;

183 4287 256 4339 quae
282 4273 450 4342 proteruitas
474 4271 587 4343 linguae
611 4292 668 4328 non
690 4275 792 4329 mirum
814 4276 837 4329 si
860 4275 888 4329 in
910 4274 1026 4330 exitium
1047 4273 1135 4344 ipsius
1157 4290 1175 4327 a
1195 4273 1337 4327 nonnullis

185 4342 351 4421 lingebatur·
369 4343 515 4413 exarsisse,
541 4346 781 4414 quemadmodum
806 4346 906 4401 cicada
929 4344 1131 4417 prehendentis
1155 4343 1227 4398 iram
1252 4343 1281 4397 in
1306 4360 1336 4398 se

184 4422 273 4466 irritat
286 4413 377 4482 magis
395 4415 541 4485 magisque
558 4417 734 4486 obstrepens.
772 4420 809 4471 Et
824 4417 963 4472 Pindarus
976 4416 1044 4471 dicit
1058 4417 1140 4484 Pyth.
1153 4414 1182 4469 ii.
1198 4426 1238 4483 55,
1252 4431 1336 4484 quem

184 4480 277 4535 locum
300 4483 391 4538 attulit
414 4487 546 4554 Saluagn.
567 4482 644 4540 Εἶδον
664 4488 713 4558 γὰρ
734 4487 793 4543 ε’κὰς
812 4488 861 4542 ε’ὼν
879 4489 911 4543 τὰ
929 4487 1008 4541 πόλλ’
1029 4487 1058 4542 ἐν
1076 4485 1205 4556 ἀμαχανίᾳ
1222 4487 1338 4556 uro-,epto
