3038 4988
515 375 862 438 COMMENTARIVS.
1208 378 1266 436 159

112 532 290 604 ε’ρωτὴσοντος
306 534 384 588 αὐτὸν
400 532 426 587 τί
442 534 493 603 ὅρα
510 534 628 588 δοκεῖτὸ
645 534 763 601 δεῖπνον;
785 533 865 588 εἰπεῖν
881 532 975 601 φασίν,
988 527 1024 583 Ὠ
1041 532 1163 596 βασιλεῦ,
1179 532 1264 586 πάντα

111 608 270 660 πολυτελῶς·
288 605 340 659 ἔδει
358 605 386 657 δὲ
403 605 497 659 λοιπὸν
508 606 625 675 κεφαλὴν
637 605 772 672 σατράπου
788 606 857 660 τινός
871 602 1081 672 παροτεθεῐσθαι·
1098 600 1265 671 άποῤῥίπτων

111 678 177 746 πρὸς
194 677 239 730 τὸν
251 675 429 744 Νικοκρέοντα.
453 677 468 728 ό
485 676 513 728 δὲ
529 674 723 744 μνησικακήσας
738 675 802 740 μετὰ
817 676 864 743 τὴν
874 673 997 734 τελευτὴν
1008 677 1054 727 τοῦ
1066 673 1207 736 βασιλέως,
1220 672 1265 727 ὅτε

111 746 200 800 πλέων
211 746 339 801 ἀκουσίως
354 746 522 816 προσηνέχθη
540 750 571 814 τῇ
590 746 686 817 Κύπρῳ
703 744 900 816 ὁἈνάξαρχας,
917 745 1061 807 συλλαβὼν
1076 743 1154 797 αὐτὸν
1167 745 1209 797 καὶ
1227 744 1265 799 είς

113 816 196 885 ὅλμον
207 819 305 884 βαλών,
318 816 438 871 ἐκέλευσε
456 817 573 887 σιδηροῖς
589 817 694 887 ὑπέροις
710 815 862 871 τύπτεσθαι·
881 817 926 869 τὸν
938 815 967 869 δὲ
983 815 1014 868 οὗ
1027 815 1206 884 φροντίσαντα
1217 816 1264 882 τῆς

112 889 235 955 τιμωρίας
252 889 331 942 εἰπεῖν
347 888 427 942 ε’κεῖνο
446 888 477 955 δὴ
495 890 526 941 τὸ
544 891 756 957 περιφερόμενον,
774 888 879 941 Πτίσσε
899 888 945 940 τὸν
962 883 1124 955 Ἀναξάρχου
1142 884 1264 952 θύλακον,

111 955 274 1029 Ἀνάξαρχον
285 959 312 1012 δέ
331 958 362 1011 οὔ
378 957 508 1025 πλάττεις.
532 958 702 1013 κελεύσαντος
719 959 748 1011 δὲ
765 962 812 1012 τοῦ
825 957 1010 1027 Νικοκρέοντος
1028 958 1068 1008 καὶ
1087 956 1133 1023 τὴν
1144 957 1265 1025 γλῶτταν

112 1029 191 1082 αὐτοῦ
203 1029 364 1097 ἐκτμηθῆναι,
376 1031 457 1098 λόγος
468 1029 648 1099 ἀποτραγόντα
660 1028 787 1098 έμπτῦσαι
800 1029 878 1098 αὐτῷ.
914 1028 975 1082 Val.
989 1029 1065 1080 Max.
1076 1026 1114 1081 iii.
1125 1042 1150 1094 3.
1160 1041 1177 1093 4
1189 1028 1264 1096 Ext,

114 1099 196 1153 Philo
208 1117 236 1170 p.
246 1101 306 1167 881,
321 1099 379 1154 Cic.
390 1102 473 1154 Tusc.
487 1099 515 1154 ii.
529 1115 571 1154 22.
587 1112 627 1168 52,
641 1099 677 1154 de
691 1102 727 1154 N.
740 1102 776 1154 D.
787 1099 825 1154 iii.
836 1115 879 1167 33.
892 1099 935 1153 82.
966 1097 1128 1152 Tertullian.
1142 1098 1263 1166 Apolog.

116 1182 164 1238 532
177 1171 275 1239 Migne
284 1170 478 1224 Anaxarchus
488 1187 552 1224 cum
564 1172 596 1224 in
607 1172 727 1224 entium
735 1173 869 1241 ptisanae
876 1170 941 1240 pilo
952 1170 1127 1236 tunderetur,
1137 1167 1264 1237 Tunde,

114 1241 239 1309 Tunde,
261 1242 361 1309 ae‘ebat,
379 1240 570 1295 Anaxarchi
595 1241 729 1307 sollem;
753 1239 961 1295 Anaxarchum
982 1241 1058 1293 enim
1079 1255 1136 1292 nan
1157 1240 1265 1294 tundis.

113 1311 187 1365 Vide
206 1328 278 1381 quae
296 1312 334 1366 ad
353 1311 438 1380 Diog.
459 1313 489 1366 1.
510 1312 545 1367 ix.
566 1313 598 1380 58
617 1311 759 1380 congessit
780 1311 940 1380 Menagius.
978 1313 1099 1364 Nonnus
1120 1309 1157 1364 ad
1178 1311 1263 1378 Greg.

116 1383 221 1436 Inuect
245 1395 275 1451 15
296 1383 333 1436 ab
351 1382 492 1437 Archelao
513 1382 598 1436 tradit
620 1382 775 1436 cruciatum
794 1383 1013 1446 Anaxarchum3
1038 1381 1067 1434 id
1089 1380 1166 1450 quod
1186 1381 1263 1434 nullo

114 1452 200 1506 modo
213 1452 272 1507 fieri
285 1452 376 1522 potuit
389 1453 545 1522 (Bentleius
558 1453 596 1507 ad
609 1454 687 1507 Phal.
702 1470 729 1522 p.
740 1452 796 1521 95).
867 1455 934 1517 pssa
946 1451 1086 1505 mortario.
1159 1455 1262 1504 minu-

113 1526 179 1578 aris
197 1522 397 1577 comminuaris
416 1523 497 1591 ‘may
512 1541 568 1593 you
585 1524 622 1578 be
641 1524 762 1578 crushed
780 1523 880 1577 small.³
917 1524 948 1576 F.
964 1521 990 1576 ii.
1004 1523 1056 1588 647
1069 1522 1165 1591 Ligna
1182 1539 1268 1574 senex

113 1595 226 1662 minuit,
238 1596 400 1663 aduersaque
410 1596 550 1648 construit
560 1600 628 1648 arte.
702 1597 771 1650 572.
788 1598 919 1659 Ictaque
931 1603 1022 1647 tunsa
1088 1609 1147 1656 pro
1160 1595 1265 1646 solitis

111 1667 258 1728 frugibus
270 1666 333 1718 loco
345 1664 457 1733 frugum
470 1682 542 1734 quae
555 1664 593 1718 ibi
606 1664 687 1719 tundi
700 1666 801 1720 solent.
906 1667 975 1728 573,
986 1665 1017 1717 4.
1035 1662 1120 1731 Quod
1132 1661 1263 1716 uiderant

115 1735 208 1790 Schol.
222 1745 251 1790 et
264 1735 408 1789 Domitius
421 1735 450 1788 in
463 1745 615 1795 comment.
628 1735 665 1789 ad
677 1737 704 1790 h.
713 1737 740 1804 l,
753 1737 887 1806 pleraque
900 1733 928 1787 in
942 1734 996 1787 hoc
1009 1733 1131 1788 disticho
1144 1743 1263 1801 excepto

114 1805 229 1860 nomine
243 1807 410 1860 Psamathes
426 1806 598 1860 conueniunt
610 1807 723 1860 fabulae
741 1823 827 1877 quam
845 1815 941 1859 narrat
955 1803 1074 1858 Ouidius
1090 1805 1128 1857 M.
1143 1803 1179 1857 iv.
1197 1819 1264 1872 190-

114 1888 175 1944 255,
190 1876 353 1931 Lactantius
367 1879 481 1931 Narrat.
492 1876 527 1931 iv.
538 1889 561 1945 5,
574 1879 742 1946 Anonymus
755 1895 800 1946 ap.
813 1877 941 1945 Mythog.
954 1877 1053 1930 Graec.
1063 1875 1264 1929 Westermann

113 1963 142 2016 p.
156 1947 215 2032 348.
240 1946 343 2032 ΑἬλιος
355 1948 484 2035 Λευκοθόη
497 1950 527 2015 τῇ
540 1947 701 2036 Ὀρχημέναυ
715 1949 743 2033 (l.
757 1945 902 2039 Ὀρχάμορ)
915 1948 1018 2034 papae
1035 1944 1148 2032 θελήσας
1166 1944 1266 2066 ηίςλτὴν

113 2018 901 2159 tittstiffttattttttttitttttttttt
911 2015 1163 2156 ttttt‘ztttitt
1175 2022 1288 2155 iit:

114 2157 161 2224 τὴν
177 2158 205 2211 δὲ
222 2158 340 2228 ἀδελφὴν
355 2161 433 2226 αὐτῆς
451 2158 487 2213 εἷς
504 2160 571 2213 πόαν
585 2158 752 2226 ἡλιοτρόπιον
766 2160 809 2213 διὰ
826 2160 856 2213 τὸ
873 2159 1048 2227 κατηγορῆσαι
1064 2156 1147 2222 αὐτῆς.
1186 2157 1265 2212 Bene

114 2227 191 2282 enim
213 2245 277 2283 cum
298 2229 392 2283 uerbis
414 2233 528 2285 condat
548 2236 581 2284 te
601 2233 748 2286 Phoebus
768 2234 804 2284 in
824 2233 889 2283 ima
908 2232 1041 2288 ,Tartara
1064 2230 1148 2291 quod
1171 2233 1266 2282 natae

114 2301 232 2354 fecerat
248 2303 303 2354 illo
321 2317 396 2355 suae
415 2300 586 2355 conueniunt
607 2303 647 2355 M.
661 2301 696 2355 iv.
711 2313 762 2368 237
774 2300 829 2355 Ille
847 2300 961 2369 (parens
979 2296 1167 2365 Leucothoes)
1178 2299 1270 2368 seran
1306 2303 1309 2306 ’

114 2372 362 2440 mansuetusque
369 2375 531 2440 precantem
548 2373 767 2441 Tendentemque
778 2388 881 2425 manus
895 2372 936 2425 ad
947 2371 1060 2425 lumina
1075 2370 1143 2424 solis
1158 2375 1186 2423 et
1198 2369 1269 2423 ‘Ille

120 2441 182 2494 Vim
200 2442 269 2496 tulit
286 2443 391 2495 iratae’
409 2444 543 2497 dicentem
561 2442 690 2497 defodit
708 2443 777 2496 alta
798 2442 925 2496 Crudus
943 2441 1049 2506 humo,
1069 2440 1267 2509 tumulumque

114 2515 201 2581 super
210 2514 315 2582 grauis
327 2513 408 2566 addit
421 2512 559 2567 harereae:
580 2513 657 2583 quod
669 2523 764 2567 autem
777 2513 806 2566 in
821 2516 938 2567 Metam
952 2528 1009 2565 non
1022 2510 1132 2565 addidit
1146 2510 1266 2566 Ouidius

115 2592 225 2651 patrem
238 2584 414 2637 Leucothoes
432 2582 525 2652 ipsum
542 2584 720 2639 interfectum
736 2583 832 2652 fuisse,
848 2583 877 2636 id
896 2600 932 2637 ne
951 2582 987 2636 de
1007 2584 1132 2650 Crotopo
1150 2581 1266 2650 quidem

115 2652 170 2706 nisi
183 2670 217 2707 ex
229 2653 284 2707 hoc
296 2654 360 2707 loco
374 2654 463 2707 Ibidis
476 2665 595 2709 constat.
634 2655 757 2709 Praetuli
770 2665 865 2709 tamen
880 2652 1102 2708 Scholiastarum
1116 2654 1142 2707 G
1155 2662 1183 2706 et
1196 2653 1266 2708 Ask.

115 2721 384 2792 interpretationem,
398 2724 527 2794 quamuis
545 2724 709 2791 haesitans3
727 2742 792 2779 cum
810 2724 839 2778 in
856 2734 992 2794 sequente
1009 2722 1130 2777 disticho
1147 2723 1183 2777 de
1199 2725 1266 2777 Cro-

115 2802 183 2862 topo
195 2794 329 2848 transitus
343 2795 391 2849 fiat
404 2796 441 2849 ad
453 2796 621 2863 Coroebum,
630 2798 658 2850 h.
667 2814 691 2851 e.
702 2796 740 2851 ad
752 2796 879 2850 eiusdem
891 2795 1004 2849 fabulae
1017 2795 1135 2847 alteram
1147 2803 1267 2862 partem.

115 2867 183 2920 573.
206 2871 328 2928 patrem
351 2869 538 2921 Psamathes
563 2869 726 2937 Crotopum,
751 2866 798 2936 qui
823 2866 910 2919 filiam
935 2865 1116 2931 Psamathen,
1143 2863 1205 2917 Lini
1232 2881 1267 2918 ex

117 2935 232 2989 Phoebo
251 2945 378 3004 matrem,
392 2935 510 2991 interfici
529 2937 617 2992 iussit.
656 2939 738 2992 Paus.
753 2937 769 2991 i.
782 2952 826 3004 43.
840 2949 855 3002 7
868 2933 927 2989 Ἐπὶ
941 2937 1082 3005 Κροτώπου
1098 2934 1223 3004 λέγουσιν
1238 2934 1267 2988 ἐν

109 3001 202 3075 Ἀργει
220 3004 407 3063 Βασιλεῦοντος
422 3007 547 3076 Ψαμάθην
561 3009 608 3075 τὴν
621 3010 760 3077 Κροτώπου
777 3010 859 3060 τεκεῖν
875 3004 955 3060 παῖδα
973 3004 1003 3071 ἐξ
1014 3003 1190 3066 Ἀπόλλωνας,
1208 3005 1268 3074 ε’χο-

115 3077 192 3143 μένην
208 3076 236 3129 δὲ
255 3076 370 3146 ἰσχυρῶς
386 3081 432 3130 τοῦ
449 3079 546 3146 πατρὸς
564 3077 663 3147 δείματι
681 3080 726 3132 τὸν
739 3077 818 3131 παῖδα
836 3076 954 3130 ἐκθεῖναι.
978 3076 1020 3128 καὶ
1035 3076 1080 3127 τὸν
1090 3074 1138 3141 μέν
1150 3074 1268 3144 διαφθεί-

115 3167 207 3215 ρουσιν
221 3146 385 3215 ἐπιτυχόντες
403 3148 431 3200 ἐκ
447 3150 492 3216 τῆς
509 3149 616 3219 ποίμνης
634 3147 704 3204 κόνει
721 3149 766 3213 τῆς
784 3149 933 3237 Κροτώπου,
946 3146 1084 3199 Ἀπόλλων
1098 3144 1127 3197 δὲ
1140 3141 1268 3214 Ἀργείοις

116 3216 143 3272 ίς
154 3215 200 3285 τὴν
208 3219 287 3271 πόλιν
294 3219 388 3284 πέμπει
401 3217 505 3286 Ποινήν·
521 3218 614 3287 ταύτην
622 3219 682 3274 τοὺς
693 3218 787 3273 παῖδας
798 3220 849 3272 απὸ
858 3214 911 3279 ’τῶν
919 3217 1035 3285 μητέρων
1044 3215 1128 3283 φασὶν
1137 3216 1267 3282 ἁρπάζειν,

116 3287 143 3342 ἐς
155 3286 169 3338 ὃ
182 3289 310 3356 Κόροιβος
321 3288 348 3344 ε’ς
360 3291 436 3358 χάριν
446 3287 573 3358 Ἀργείοις
585 3289 689 3360 φονεύει
702 3289 747 3358 τὴν
756 3288 852 3356 Ποινήν
862 3287 933 3357 (575,
943 3287 983 3356 6).
1021 3285 1063 3340 Cf.
1076 3285 1162 3339 Anth.
1178 3286 1208 3339 P.
1219 3285 1266 3340 vii.

120 3370 176 3426 154.
215 3359 272 3413 Sed
287 3360 441 3428 Crotopum
453 3359 546 3429 ipsum
559 3371 608 3414 aut
620 3378 654 3415 ex
667 3360 795 3416 immissa
808 3361 904 3413 Poena
917 3367 965 3413 aut
981 3356 1037 3411 alio
1055 3373 1110 3424 quo
1128 3355 1266 3424 supplicio

108 3428 233 3497 ‘periisse
252 3445 309 3483 non
328 3429 460 3499 competi.
501 3432 668 3500 Sepulcrum
686 3431 746 3485 eius
764 3429 848 3499 Argis
867 3429 937 3483 uidit
958 3425 1113 3481 Pausanias
1132 3426 1158 3480 ii.
1179 3441 1220 3493 23.
1241 3439 1265 3492 7.

116 3502 152 3552 in
163 3503 228 3552 ima
239 3502 372 3554 Tartara
383 3518 417 3554 ex
429 3510 525 3555 mente
539 3501 634 3555 Ouidii
648 3501 676 3555 ln
692 3501 763 3555 Ibin.
839 3503 908 3556 574.
925 3505 1019 3553 natue
1031 3501 1148 3552 fecerat
1160 3507 1190 3551 ut
1203 3499 1269 3551 uati

117 3571 274 3640 quadfecit
283 3570 397 3624 Achaeo
410 3584 468 3640 541.
509 3574 577 3627 Con.
591 3572 637 3625 xix
647 3570 682 3624 ‘H
696 3572 723 3625 δὲ
735 3571 942 3642 ὑπερπαθῆσασα
954 3571 1106 3639 κατάφωρος
1118 3569 1213 3639 γίνεται
1230 3567 1267 3639 τῷ

116 3641 195 3707 πατρὶ
218 3642 259 3694 καὶ
283 3640 396 3707 δικάζει
420 3642 493 3708 αὐτῇ
518 3641 655 3709 θάνατον,
675 3643 865 3711 πεπορνεῦσθαι
890 3642 931 3694 καὶ
955 3639 1164 3710 καταψεύδεσθαι
1188 3639 1267 3706 αὐτὴν

117 3707 282 3766 ’studiosos
294 3710 394 3778 οἷηθείς.
433 3714 502 3767 Stat.
517 3714 550 3768 T.
564 3711 580 3767 i.
597 3726 647 3782 594
663 3714 793 3767 Occurm‘t
808 3713 932 3784 confessa
945 3713 1048 3782 patn’:
1069 3728 1118 3764 nec
1134 3716 1227 3763 motus
1240 3715 1269 3764 et

116 3786 181 3834 atro
196 3782 324 3851 Imperat
342 3781 516 3852 (infandum)
533 3786 688 3854 cupientem
701 3801 844 3840 accurrere
859 3784 920 3838 leta.
978 3786 1047 3838 575.
1065 3785 1164 3846 pestis
1177 3780 1266 3848 noui.

117 3851 191 3906 Vide
205 3853 299 3906 locum
316 3853 473 3908 Pausaniae
490 3852 608 3908 citatum
625 3855 662 3909 ad
681 3867 739 3923 573.
778 3854 833 3922 Κὴρ
846 3853 948 3908 dicitur
960 3853 1045 3907 Anth.
1062 3853 1092 3906 P.
1106 3851 1151 3905 vii.
1169 3863 1226 3918 154.
1240 3865 1267 3917 3.

119 3922 225 3976 Statius
247 3922 287 3977 sic
309 3923 457 3992 descripsit
479 3926 511 3978 T.
532 3924 560 3979 i.·
570 3926 620 3993 598
641 3928 691 3980 cui
709 3927 834 3995 uirgines
855 3941 906 3977 ora
923 3925 1101 3991 Pectoraque,
1120 3928 1266 3975 aeternum

116 3993 238 4047 stridens
258 4011 277 4046 a
301 3996 404 4047 uertice
423 4011 477 4047 sur
495 3997 521 4048 e‘t
535 3996 578 4048 Et
589 3997 790 4066 firrugineam
803 3996 932 4065 frontem
953 3994 1132 4047 discriminat
1152 3993 1264 4071 angues.

118 4067 336 4128 Argolicisque
347 4083 353 4118 ε
372 4010 530 4119 notandism
542 4083 595 4135 que
606 4076 671 4135 post
684 4065 797 4120 tertium
811 4066 925 4119 demum
940 4063 1110 4117 uocabulum
1127 4061 1265 4128 additum,

118 4134 195 4203 quod
206 4151 264 4188 non
277 4151 371 4188 rarum
385 4135 489 4189 Ouidio
501 4136 530 4189 in
544 4136 638 4190 Fastis
652 4135 791 4189 Tristibus
805 4134 942 4203 Epistulis
955 4132 991 4187 de
1005 4134 1114 4186 Ponto:
1134 4142 1161 4186 et
1171 4131 1266 4200 Arga·
1314 4146 1317 4149 ’

117 4206 181 4258 licis
192 4222 243 4274 pro
255 4205 381 4276 Argiuis
398 4206 474 4275 quod
493 4223 592 4261 uereor
610 4216 640 4260 ut
653 4205 786 4260 Latinum
802 4205 846 4259 sit.
883 4207 929 4258 An
941 4202 1117 4274 Argelzsin?
1140 4203 1224 4262 ,Nam
1237 4201 1267 4255 in

119 4285 222 4329 matres
235 4276 387 4345 praecipue
401 4277 498 4331 Poena
510 4277 662 4332 saeuiebat.
735 4280 803 4331 577.
820 4291 918 4339 nepos
929 4277 1075 4341 Aethrae,
1086 4271 1269 4340 Hippolytus.

118 4348 252 4402 Veneris
268 4350 477 4401 moribundus
495 4351 635 4402 obirem
653 4356 729 4402 recte
749 4345 917 4415 Saluagnius
936 4343 1057 4413 explicat
1076 4361 1110 4398 ex
1129 4344 1160 4396 F.
1175 4361 1200 4396 v.
1215 4357 1267 4411 309

119 4417 273 4487 Hzppamte
296 4417 405 4487 infiliu,
427 4418 514 4471 uelles
533 4420 649 4473 coluesse
667 4419 786 4486 Dionen,
807 4418 878 4472 Cum
899 4416 1083 4470 consternatis
1103 4415 1271 4484 de'mperems

118 4490 196 4557 equis
208 4498 236 4551 et
247 4487 391 4559 Euripidis
403 4487 567 4558 Hippolyto.
605 4490 692 4560 Hipp.
704 4503 772 4556 1400
783 4495 854 4543 APT.
868 4485 965 4559 Κύπρις
976 4486 1027 4559 γὰρ
1040 4484 1055 4554 ἡ
1067 4489 1212 4557 πανοῦργος
1224 4473 1280 4540 tt'
