<?xml version="1.0" encoding="UTF-8"?>
<!DOCTYPE html PUBLIC "-//W3C//DTD XHTML 1.0 Transitional//EN"
    "http://www.w3.org/TR/xhtml1/DTD/xhtml1-transitional.dtd">
<html xmlns="http://www.w3.org/1999/xhtml" xml:lang="en" lang="en">
 <head>
  <title>
</title>
<meta http-equiv="Content-Type" content="text/html;charset=utf-8" />
  <meta name='ocr-system' content='tesseract 3.04.00' />
  <meta name='ocr-capabilities' content='ocr_page ocr_carea ocr_par ocr_line ocrx_word'/>
</head>
<body>
  <div class='ocr_page' id='page_1' title='image "./povidiinasonisi00ovidgoog_0250.png"; bbox 0 0 3038 4988; ppageno 0'>
   <div class='ocr_carea' id='block_1_1' title="bbox 605 373 1255 458">
    <p class='ocr_par' dir='ltr' id='par_1_1' title="bbox 605 373 1255 458">
     <span class='ocr_line' id='line_1_1' title="bbox 605 373 1255 458; baseline -0.002 -25"><span class='ocrx_word' id='word_1_1' title='bbox 605 373 835 458; x_wconf 68' lang='lat' dir='ltr'>excursus</span> <span class='ocrx_word' id='word_1_2' title='bbox 923 393 925 400; x_wconf 94' lang='lat'>·</span> <span class='ocrx_word' id='word_1_3' title='bbox 1201 377 1255 432; x_wconf 84' lang='grc' dir='ltr'>ιιι</span> 
     </span>
    </p>
   </div>
   <div class='ocr_carea' id='block_1_2' title="bbox 95 527 1260 4559">
    <p class='ocr_par' dir='ltr' id='par_1_2' title="bbox 104 527 1260 1307">
     <span class='ocr_line' id='line_1_2' title="bbox 105 527 1259 600; baseline 0.003 -18"><span class='ocrx_word' id='word_1_4' title='bbox 105 530 128 583; x_wconf 85' lang='grc' dir='ltr'>εί</span> <span class='ocrx_word' id='word_1_5' title='bbox 140 528 215 597; x_wconf 89' lang='grc' dir='ltr'>ξένον</span> <span class='ocrx_word' id='word_1_6' title='bbox 232 531 418 587; x_wconf 80' lang='grc' dir='ltr'>ἀποκτενοῦσιν</span> <span class='ocrx_word' id='word_1_7' title='bbox 433 531 529 586; x_wconf 92' lang='grc' dir='ltr'>ἀθλίως</span> <span class='ocrx_word' id='word_1_8' title='bbox 547 529 614 586; x_wconf 82' lang='grc' dir='ltr'>οὕτω</span> <span class='ocrx_word' id='word_1_9' title='bbox 632 532 787 599; x_wconf 89' lang='grc' dir='ltr'>πράττοντα,</span> <span class='ocrx_word' id='word_1_10' title='bbox 809 531 849 583; x_wconf 82' lang='grc' dir='ltr'>καί</span> <span class='ocrx_word' id='word_1_11' title='bbox 868 530 920 600; x_wconf 79' lang='grc' dir='ltr'>γὰρ</span> <span class='ocrx_word' id='word_1_12' title='bbox 938 527 1031 584; x_wconf 86' lang='grc' dir='ltr'>ίκέτευε</span> <span class='ocrx_word' id='word_1_13' title='bbox 1050 529 1091 583; x_wconf 83' lang='grc' dir='ltr'>καί</span> <span class='ocrx_word' id='word_1_14' title='bbox 1109 531 1198 584; x_wconf 80' lang='grc' dir='ltr'>πολλὰ</span> <span class='ocrx_word' id='word_1_15' title='bbox 1215 529 1259 585; x_wconf 82' lang='grc' dir='ltr'>ἐπί</span> 
     </span>
     <span class='ocr_line' id='line_1_3' title="bbox 104 599 1258 673; baseline 0 -19"><span class='ocrx_word' id='word_1_16' title='bbox 104 600 170 672; x_wconf 85' lang='grc' dir='ltr'>ἐλέῳ</span> <span class='ocrx_word' id='word_1_17' title='bbox 182 603 281 672; x_wconf 80' lang='grc' dir='ltr'>ἔλεγεν,</span> <span class='ocrx_word' id='word_1_18' title='bbox 293 600 401 656; x_wconf 89' lang='grc' dir='ltr'>ἐνέκειτο</span> <span class='ocrx_word' id='word_1_19' title='bbox 418 605 653 673; x_wconf 71' lang='grc' dir='ltr'>παρακελευόμενος</span> <span class='ocrx_word' id='word_1_20' title='bbox 670 604 724 657; x_wconf 90' lang='grc' dir='ltr'>τοῖς</span> <span class='ocrx_word' id='word_1_21' title='bbox 739 601 875 670; x_wconf 77' lang='grc' dir='ltr'>Ἐφεσίοις</span> <span class='ocrx_word' id='word_1_22' title='bbox 891 601 998 668; x_wconf 79' lang='grc' dir='ltr'>ἐρείδειν</span> <span class='ocrx_word' id='word_1_23' title='bbox 1013 622 1042 656; x_wconf 98' lang='grc' dir='ltr'>τε</span> <span class='ocrx_word' id='word_1_24' title='bbox 1054 603 1095 654; x_wconf 86' lang='grc' dir='ltr'>καὶ</span> <span class='ocrx_word' id='word_1_25' title='bbox 1106 600 1141 669; x_wconf 84' lang='grc' dir='ltr'>μὴ</span> <span class='ocrx_word' id='word_1_26' title='bbox 1153 599 1258 655; x_wconf 87' lang='grc' dir='ltr'>ἀνιέναι.</span> 
     </span>
     <span class='ocr_line' id='line_1_4' title="bbox 105 669 1260 746; baseline 0.001 -22"><span class='ocrx_word' id='word_1_27' title='bbox 105 673 140 726; x_wconf 85' lang='grc' dir='ltr'>ῶς</span> <span class='ocrx_word' id='word_1_28' title='bbox 158 673 186 726; x_wconf 83' lang='grc' dir='ltr'>δέ</span> <span class='ocrx_word' id='word_1_29' title='bbox 204 673 391 746; x_wconf 73' lang='grc' dir='ltr'>ἀκροβολισμῷ</span> <span class='ocrx_word' id='word_1_30' title='bbox 409 696 476 728; x_wconf 91' lang='grc' dir='ltr'>τινες</span> <span class='ocrx_word' id='word_1_31' title='bbox 492 673 531 726; x_wconf 88' lang='grc' dir='ltr'>ἐπ’</span> <span class='ocrx_word' id='word_1_32' title='bbox 544 673 612 743; x_wconf 76' lang='grc' dir='ltr'>αὐτῷ</span> <span class='ocrx_word' id='word_1_33' title='bbox 629 671 785 742; x_wconf 74' lang='grc' dir='ltr'>ἐχρήσαντο,</span> <span class='ocrx_word' id='word_1_34' title='bbox 804 673 845 725; x_wconf 83' lang='grc' dir='ltr'>καὶ</span> <span class='ocrx_word' id='word_1_35' title='bbox 863 670 998 738; x_wconf 83' lang='grc' dir='ltr'>καταμύειν</span> <span class='ocrx_word' id='word_1_36' title='bbox 1016 671 1098 724; x_wconf 85' lang='grc' dir='ltr'>δοκῶν</span> <span class='ocrx_word' id='word_1_37' title='bbox 1111 669 1260 741; x_wconf 73' lang='grc' dir='ltr'>ἀνέβλεψεν</span> 
     </span>
     <span class='ocr_line' id='line_1_5' title="bbox 105 741 1259 814; baseline 0.001 -19"><span class='ocrx_word' id='word_1_38' title='bbox 105 741 208 813; x_wconf 89' lang='grc' dir='ltr'>ἀθρόον,</span> <span class='ocrx_word' id='word_1_39' title='bbox 229 746 310 814; x_wconf 93' lang='grc' dir='ltr'>πυρός</span> <span class='ocrx_word' id='word_1_40' title='bbox 334 766 362 797; x_wconf 92' lang='grc' dir='ltr'>τε</span> <span class='ocrx_word' id='word_1_41' title='bbox 385 745 497 808; x_wconf 85' lang='grc' dir='ltr'>μεστοὺς</span> <span class='ocrx_word' id='word_1_42' title='bbox 520 744 580 798; x_wconf 82' lang='grc' dir='ltr'>τοὺς</span> <span class='ocrx_word' id='word_1_43' title='bbox 603 742 757 812; x_wconf 83' lang='grc' dir='ltr'>ὀφθαλμοὺς</span> <span class='ocrx_word' id='word_1_44' title='bbox 780 741 871 809; x_wconf 81' lang='grc' dir='ltr'>ἔδειξε,</span> <span class='ocrx_word' id='word_1_45' title='bbox 893 743 1001 811; x_wconf 79' lang='grc' dir='ltr'>ξυνῆκαν</span> <span class='ocrx_word' id='word_1_46' title='bbox 1023 743 1047 794; x_wconf 77' lang='lat' dir='ltr'>ol</span> <span class='ocrx_word' id='word_1_47' title='bbox 1067 741 1188 812; x_wconf 84' lang='grc' dir='ltr'>Ἐφέσιοι</span> <span class='ocrx_word' id='word_1_48' title='bbox 1212 746 1259 796; x_wconf 85' lang='grc' dir='ltr'>τοῦ</span> 
     </span>
     <span class='ocr_line' id='line_1_6' title="bbox 105 811 1259 882; baseline 0.002 -17"><span class='ocrx_word' id='word_1_49' title='bbox 105 813 226 881; x_wconf 90' lang='grc' dir='ltr'>δαίμονος</span> <span class='ocrx_word' id='word_1_50' title='bbox 238 815 279 868; x_wconf 79' lang='grc' dir='ltr'>καί</span> <span class='ocrx_word' id='word_1_51' title='bbox 290 811 466 869; x_wconf 85' lang='grc' dir='ltr'>κατελίθωσαν</span> <span class='ocrx_word' id='word_1_52' title='bbox 478 812 557 869; x_wconf 83' lang='grc' dir='ltr'>οὕτως</span> <span class='ocrx_word' id='word_1_53' title='bbox 569 815 654 880; x_wconf 78' lang='grc' dir='ltr'>αὐτόν,</span> <span class='ocrx_word' id='word_1_54' title='bbox 667 814 701 867; x_wconf 85' lang='grc' dir='ltr'>ῶς</span> <span class='ocrx_word' id='word_1_55' title='bbox 717 815 829 866; x_wconf 86' lang='grc' dir='ltr'>κολωνὸν</span> <span class='ocrx_word' id='word_1_56' title='bbox 847 812 928 866; x_wconf 90' lang='grc' dir='ltr'>λίθων</span> <span class='ocrx_word' id='word_1_57' title='bbox 942 813 1002 881; x_wconf 78' lang='grc' dir='ltr'>περὶ</span> <span class='ocrx_word' id='word_1_58' title='bbox 1018 812 1094 866; x_wconf 83' lang='grc' dir='ltr'>αύτδν</span> <span class='ocrx_word' id='word_1_59' title='bbox 1110 813 1259 882; x_wconf 82' lang='grc' dir='ltr'>χῶσασθαι.</span> 
     </span>
     <span class='ocr_line' id='line_1_7' title="bbox 105 882 1258 955; baseline 0.002 -19"><span class='ocrx_word' id='word_1_60' title='bbox 105 884 233 939; x_wconf 85' lang='grc' dir='ltr'>διαλιπὼν</span> <span class='ocrx_word' id='word_1_61' title='bbox 250 884 279 939; x_wconf 83' lang='grc' dir='ltr'>δέ</span> <span class='ocrx_word' id='word_1_62' title='bbox 297 885 388 955; x_wconf 88' lang='grc' dir='ltr'>ὀλίγον</span> <span class='ocrx_word' id='word_1_63' title='bbox 405 884 542 938; x_wconf 89' lang='grc' dir='ltr'>ἐκέλευσεν</span> <span class='ocrx_word' id='word_1_64' title='bbox 559 884 669 953; x_wconf 81' lang='grc' dir='ltr'>ἀφελεῖν</span> <span class='ocrx_word' id='word_1_65' title='bbox 686 883 746 938; x_wconf 79' lang='grc' dir='ltr'>τοὺς</span> <span class='ocrx_word' id='word_1_66' title='bbox 764 884 853 938; x_wconf 91' lang='grc' dir='ltr'>λίθους</span> <span class='ocrx_word' id='word_1_67' title='bbox 871 884 957 937; x_wconf 83' lang='grc' dir='ltr'>καὶτὸ</span> <span class='ocrx_word' id='word_1_68' title='bbox 974 883 1063 953; x_wconf 84' lang='grc' dir='ltr'>θηρίον</span> <span class='ocrx_word' id='word_1_69' title='bbox 1075 882 1090 936; x_wconf 82' lang='grc' dir='ltr'>δ</span> <span class='ocrx_word' id='word_1_70' title='bbox 1102 882 1258 938; x_wconf 91' lang='grc' dir='ltr'>ἀπεκτόνασι</span> 
     </span>
     <span class='ocr_line' id='line_1_8' title="bbox 105 951 1258 1024; baseline 0 -17"><span class='ocrx_word' id='word_1_71' title='bbox 105 960 207 1024; x_wconf 90' lang='grc' dir='ltr'>γνῶναι.</span> <span class='ocrx_word' id='word_1_72' title='bbox 256 955 413 1020; x_wconf 90' lang='grc' dir='ltr'>υμνωθέντος</span> <span class='ocrx_word' id='word_1_73' title='bbox 431 954 476 1009; x_wconf 82' lang='grc' dir='ltr'>οὖν</span> <span class='ocrx_word' id='word_1_74' title='bbox 494 958 540 1009; x_wconf 85' lang='grc' dir='ltr'>τοῦ</span> <span class='ocrx_word' id='word_1_75' title='bbox 560 955 710 1022; x_wconf 77' lang='grc' dir='ltr'>βεβλῆσθαι</span> <span class='ocrx_word' id='word_1_76' title='bbox 732 954 869 1010; x_wconf 87' lang='grc' dir='ltr'>δοκοῦντος</span> <span class='ocrx_word' id='word_1_77' title='bbox 886 956 900 1005; x_wconf 86' lang='grc' dir='ltr'>ὁ</span> <span class='ocrx_word' id='word_1_78' title='bbox 918 958 965 1023; x_wconf 80' lang='grc' dir='ltr'>μέν</span> <span class='ocrx_word' id='word_1_79' title='bbox 984 951 1122 1023; x_wconf 75' lang='grc' dir='ltr'>ἠφάνιστο,</span> <span class='ocrx_word' id='word_1_80' title='bbox 1144 953 1210 1007; x_wconf 91' lang='grc' dir='ltr'>κύων</span> <span class='ocrx_word' id='word_1_81' title='bbox 1229 954 1258 1008; x_wconf 82' lang='grc' dir='ltr'>δέ</span> 
     </span>
     <span class='ocr_line' id='line_1_9' title="bbox 105 978 1258 1097; baseline 0 -19"><span class='ocrx_word' id='word_1_82' title='bbox 105 1025 136 1078; x_wconf 84' lang='grc' dir='ltr'>τὸ</span> <span class='ocrx_word' id='word_1_83' title='bbox 157 1026 204 1093; x_wconf 84' lang='grc' dir='ltr'>μέν</span> <span class='ocrx_word' id='word_1_84' title='bbox 224 978 290 1081; x_wconf 56' lang='lat' dir='ltr'>eibos</span> <span class='ocrx_word' id='word_1_85' title='bbox 311 1026 399 1093; x_wconf 84' lang='grc' dir='ltr'>ὅμοιος</span> <span class='ocrx_word' id='word_1_86' title='bbox 419 1026 456 1097; x_wconf 74' lang='grc' dir='ltr'>τῷ</span> <span class='ocrx_word' id='word_1_87' title='bbox 474 1026 502 1079; x_wconf 91' lang='grc' dir='ltr'>ἐκ</span> <span class='ocrx_word' id='word_1_88' title='bbox 522 1027 672 1090; x_wconf 86' lang='grc' dir='ltr'>Μολοττῶν,</span> <span class='ocrx_word' id='word_1_89' title='bbox 691 1023 798 1095; x_wconf 84' lang='grc' dir='ltr'>μέγεθος</span> <span class='ocrx_word' id='word_1_90' title='bbox 820 1025 847 1078; x_wconf 83' lang='grc' dir='ltr'>δέ</span> <span class='ocrx_word' id='word_1_91' title='bbox 868 1025 930 1078; x_wconf 82' lang='grc' dir='ltr'>κατὰ</span> <span class='ocrx_word' id='word_1_92' title='bbox 952 1026 997 1079; x_wconf 85' lang='grc' dir='ltr'>τὸν</span> <span class='ocrx_word' id='word_1_93' title='bbox 1020 1024 1145 1094; x_wconf 89' lang='grc' dir='ltr'>μέγιστον</span> <span class='ocrx_word' id='word_1_94' title='bbox 1164 1025 1258 1079; x_wconf 91' lang='grc' dir='ltr'>λέοντα</span> 
     </span>
     <span class='ocr_line' id='line_1_10' title="bbox 106 1094 1258 1166; baseline 0.001 -17"><span class='ocrx_word' id='word_1_95' title='bbox 106 1095 316 1166; x_wconf 83' lang='grc' dir='ltr'>ξυντετριμμένος</span> <span class='ocrx_word' id='word_1_96' title='bbox 328 1096 404 1166; x_wconf 77' lang='grc' dir='ltr'>ὤφθη</span> <span class='ocrx_word' id='word_1_97' title='bbox 417 1097 466 1150; x_wconf 82' lang='grc' dir='ltr'>ὑπὸ</span> <span class='ocrx_word' id='word_1_98' title='bbox 478 1103 529 1150; x_wconf 91' lang='grc' dir='ltr'>τῶν</span> <span class='ocrx_word' id='word_1_99' title='bbox 541 1097 621 1149; x_wconf 89' lang='grc' dir='ltr'>λίθων</span> <span class='ocrx_word' id='word_1_100' title='bbox 633 1098 673 1148; x_wconf 83' lang='grc' dir='ltr'>καὶ</span> <span class='ocrx_word' id='word_1_101' title='bbox 685 1094 843 1165; x_wconf 90' lang='grc' dir='ltr'>παραπτύων</span> <span class='ocrx_word' id='word_1_102' title='bbox 853 1095 947 1164; x_wconf 87' lang='grc' dir='ltr'>ἀφρόν,</span> <span class='ocrx_word' id='word_1_103' title='bbox 961 1097 1033 1149; x_wconf 82' lang='grc' dir='ltr'>ὥσπε</span> <span class='ocrx_word' id='word_1_104' title='bbox 1065 1097 1090 1148; x_wconf 81' lang='lat' dir='ltr'>oi</span> <span class='ocrx_word' id='word_1_105' title='bbox 1107 1098 1258 1151; x_wconf 89' lang='grc' dir='ltr'>λυττῶντες.</span> 
     </span>
     <span class='ocr_line' id='line_1_11' title="bbox 107 1117 1257 1238; baseline 0.001 -19"><span class='ocrx_word' id='word_1_106' title='bbox 107 1167 228 1236; x_wconf 90' lang='lat' dir='ltr'>Nempe,</span> <span class='ocrx_word' id='word_1_107' title='bbox 248 1176 277 1221; x_wconf 94' lang='lat' dir='ltr'>ut</span> <span class='ocrx_word' id='word_1_108' title='bbox 297 1167 359 1236; x_wconf 91' lang='lat' dir='ltr'>ipse</span> <span class='ocrx_word' id='word_1_109' title='bbox 377 1183 429 1237; x_wconf 92' lang='lat' dir='ltr'>pro</span> <span class='ocrx_word' id='word_1_110' title='bbox 447 1185 478 1220; x_wconf 92' lang='lat' dir='ltr'>se</span> <span class='ocrx_word' id='word_1_111' title='bbox 497 1168 614 1236; x_wconf 91' lang='lat' dir='ltr'>loquens</span> <span class='ocrx_word' id='word_1_112' title='bbox 634 1165 703 1220; x_wconf 91' lang='lat' dir='ltr'>dicit</span> <span class='ocrx_word' id='word_1_113' title='bbox 721 1181 774 1234; x_wconf 91' lang='grc' dir='ltr'>34ο</span> <span class='ocrx_word' id='word_1_114' title='bbox 791 1167 826 1219; x_wconf 83' lang='grc' dir='ltr'>Τὸ</span> <span class='ocrx_word' id='word_1_115' title='bbox 845 1170 891 1220; x_wconf 87' lang='grc' dir='ltr'>τοῦ</span> <span class='ocrx_word' id='word_1_116' title='bbox 909 1168 1003 1232; x_wconf 81' lang='grc' dir='ltr'>λοιμοῦ</span> <span class='ocrx_word' id='word_1_117' title='bbox 1021 1117 1096 1229; x_wconf 59' lang='lat' dir='ltr'>ribos,</span> <span class='ocrx_word' id='word_1_118' title='bbox 1113 1167 1211 1238; x_wconf 73' lang='grc' dir='ltr'>πτωχῷ</span> <span class='ocrx_word' id='word_1_119' title='bbox 1228 1167 1257 1220; x_wconf 77' lang='grc' dir='ltr'>δὲ</span> 
     </span>
     <span class='ocr_line' id='line_1_12' title="bbox 105 1234 1174 1307; baseline 0.001 -18"><span class='ocrx_word' id='word_1_120' title='bbox 105 1237 210 1307; x_wconf 83' lang='grc' dir='ltr'>γέροντι</span> <span class='ocrx_word' id='word_1_121' title='bbox 222 1235 336 1300; x_wconf 91' lang='grc' dir='ltr'>είκαστο,</span> <span class='ocrx_word' id='word_1_122' title='bbox 350 1239 399 1291; x_wconf 81' lang='grc' dir='ltr'>καί</span> <span class='ocrx_word' id='word_1_123' title='bbox 411 1234 495 1291; x_wconf 84' lang='grc' dir='ltr'>εἶδον</span> <span class='ocrx_word' id='word_1_124' title='bbox 507 1239 554 1290; x_wconf 81' lang='grc' dir='ltr'>καὶ</span> <span class='ocrx_word' id='word_1_125' title='bbox 566 1238 576 1290; x_wconf 86' lang='grc' dir='ltr'>ι’</span> <span class='ocrx_word' id='word_1_126' title='bbox 580 1237 639 1290; x_wconf 85' lang='grc' dir='ltr'>δῶν</span> <span class='ocrx_word' id='word_1_127' title='bbox 651 1235 734 1290; x_wconf 84' lang='grc' dir='ltr'>εἶλον</span> <span class='ocrx_word' id='word_1_128' title='bbox 746 1238 776 1289; x_wconf 83' lang='grc' dir='ltr'>οὐ</span> <span class='ocrx_word' id='word_1_129' title='bbox 788 1236 891 1291; x_wconf 87' lang='grc' dir='ltr'>παύσας</span> <span class='ocrx_word' id='word_1_130' title='bbox 903 1240 982 1290; x_wconf 89' lang='grc' dir='ltr'>νόσον</span> <span class='ocrx_word' id='word_1_131' title='bbox 994 1237 1055 1290; x_wconf 89' lang='grc' dir='ltr'>ἀλλ’</span> <span class='ocrx_word' id='word_1_132' title='bbox 1068 1237 1174 1303; x_wconf 82' lang='grc' dir='ltr'>ἐξελῶν.</span> 
     </span>
    </p>

    <p class='ocr_par' dir='ltr' id='par_1_3' title="bbox 104 1307 1258 1871">
     <span class='ocr_line' id='line_1_13' title="bbox 140 1307 1257 1378; baseline 0.002 -18"><span class='ocrx_word' id='word_1_133' title='bbox 140 1309 187 1361; x_wconf 90' lang='lat' dir='ltr'>An</span> <span class='ocrx_word' id='word_1_134' title='bbox 206 1308 358 1377; x_wconf 90' lang='lat' dir='ltr'>legendum</span> <span class='ocrx_word' id='word_1_135' title='bbox 377 1318 420 1362; x_wconf 84' lang='lat' dir='ltr'>est</span> <span class='ocrx_word' id='word_1_136' title='bbox 439 1307 578 1376; x_wconf 89' lang='lat' dir='ltr'>Abdira,</span> <span class='ocrx_word' id='word_1_137' title='bbox 598 1324 682 1378; x_wconf 92' lang='lat' dir='ltr'>quem</span> <span class='ocrx_word' id='word_1_138' title='bbox 700 1307 793 1361; x_wconf 93' lang='lat' dir='ltr'>locum</span> <span class='ocrx_word' id='word_1_139' title='bbox 813 1308 993 1362; x_wconf 88' lang='lat' dir='ltr'><strong>Ptolemaeus</strong></span> <span class='ocrx_word' id='word_1_140' title='bbox 1013 1309 1101 1376; x_wconf 83' lang='lat' dir='ltr'>Geog.</span> <span class='ocrx_word' id='word_1_141' title='bbox 1122 1307 1157 1362; x_wconf 88' lang='lat' dir='ltr'>iv.</span> <span class='ocrx_word' id='word_1_142' title='bbox 1178 1324 1201 1376; x_wconf 88' lang='lat'>3.</span> <span class='ocrx_word' id='word_1_143' title='bbox 1223 1323 1257 1377; x_wconf 89' lang='lat'>34</span> 
     </span>
     <span class='ocr_line' id='line_1_14' title="bbox 105 1377 1257 1448; baseline 0.003 -18"><span class='ocrx_word' id='word_1_144' title='bbox 105 1393 163 1431; x_wconf 93' lang='lat' dir='ltr'>non</span> <span class='ocrx_word' id='word_1_145' title='bbox 185 1379 268 1448; x_wconf 92' lang='lat' dir='ltr'>longe</span> <span class='ocrx_word' id='word_1_146' title='bbox 289 1378 461 1448; x_wconf 83' lang='lat' dir='ltr'>Carthagine</span> <span class='ocrx_word' id='word_1_147' title='bbox 480 1378 597 1433; x_wconf 83' lang='lat' dir='ltr'>statuit?</span> <span class='ocrx_word' id='word_1_148' title='bbox 634 1380 711 1432; x_wconf 91' lang='lat' dir='ltr'>Nam</span> <span class='ocrx_word' id='word_1_149' title='bbox 729 1378 752 1432; x_wconf 89' lang='lat' dir='ltr'>si</span> <span class='ocrx_word' id='word_1_150' title='bbox 776 1378 835 1432; x_wconf 93' lang='lat' dir='ltr'><strong>Ibis</strong></span> <span class='ocrx_word' id='word_1_151' title='bbox 856 1379 910 1447; x_wconf 91' lang='lat' dir='ltr'>ille,</span> <span class='ocrx_word' id='word_1_152' title='bbox 927 1377 1054 1448; x_wconf 89' lang='lat' dir='ltr'>quisquis</span> <span class='ocrx_word' id='word_1_153' title='bbox 1074 1378 1134 1448; x_wconf 87' lang='lat' dir='ltr'>fuit,</span> <span class='ocrx_word' id='word_1_154' title='bbox 1154 1379 1183 1432; x_wconf 92' lang='lat' dir='ltr'>in</span> <span class='ocrx_word' id='word_1_155' title='bbox 1201 1380 1257 1433; x_wconf 88' lang='lat' dir='ltr'>hoc</span> 
     </span>
     <span class='ocr_line' id='line_1_15' title="bbox 106 1448 1256 1519; baseline 0.003 -18"><span class='ocrx_word' id='word_1_156' title='bbox 106 1449 169 1502; x_wconf 92' lang='lat' dir='ltr'>loco</span> <span class='ocrx_word' id='word_1_157' title='bbox 187 1459 271 1504; x_wconf 89' lang='lat' dir='ltr'>natus</span> <span class='ocrx_word' id='word_1_158' title='bbox 289 1459 341 1517; x_wconf 92' lang='lat' dir='ltr'>est,</span> <span class='ocrx_word' id='word_1_159' title='bbox 354 1458 464 1519; x_wconf 89' lang='lat' dir='ltr'>poterat</span> <span class='ocrx_word' id='word_1_160' title='bbox 478 1449 598 1503; x_wconf 91' lang='lat' dir='ltr'>Ouidius</span> <span class='ocrx_word' id='word_1_161' title='bbox 617 1448 648 1502; x_wconf 92' lang='lat' dir='ltr'>id</span> <span class='ocrx_word' id='word_1_162' title='bbox 666 1449 708 1504; x_wconf 92' lang='lat' dir='ltr'>sic</span> <span class='ocrx_word' id='word_1_163' title='bbox 726 1465 949 1503; x_wconf 88' lang='lat' dir='ltr'>commemorare</span> <span class='ocrx_word' id='word_1_164' title='bbox 967 1458 997 1503; x_wconf 94' lang='lat' dir='ltr'>ut</span> <span class='ocrx_word' id='word_1_165' title='bbox 1011 1449 1126 1516; x_wconf 90' lang='lat' dir='ltr'>diceret,</span> <span class='ocrx_word' id='word_1_166' title='bbox 1139 1449 1256 1504; x_wconf 89' lang='lat' dir='ltr'>Vtinam</span> 
     </span>
     <span class='ocr_line' id='line_1_16' title="bbox 105 1518 1258 1590; baseline 0.003 -19"><span class='ocrx_word' id='word_1_167' title='bbox 105 1518 246 1574; x_wconf 88' lang='lat' dir='ltr'>tibidiras</span> <span class='ocrx_word' id='word_1_168' title='bbox 265 1520 424 1590; x_wconf 92' lang='lat' dir='ltr'>inprecetur</span> <span class='ocrx_word' id='word_1_169' title='bbox 437 1521 574 1590; x_wconf 70' lang='lat' dir='ltr'>appellum</span> <span class='ocrx_word' id='word_1_170' title='bbox 584 1520 667 1574; x_wconf 76' lang='lat' dir='ltr'>istud</span> <span class='ocrx_word' id='word_1_171' title='bbox 679 1521 711 1573; x_wconf 89' lang='lat' dir='ltr'>in</span> <span class='ocrx_word' id='word_1_172' title='bbox 727 1537 783 1590; x_wconf 82' lang='lat' dir='ltr'>quo</span> <span class='ocrx_word' id='word_1_173' title='bbox 800 1521 893 1574; x_wconf 84' lang='lat' dir='ltr'>editus</span> <span class='ocrx_word' id='word_1_174' title='bbox 909 1537 958 1584; x_wconf 79' lang='lat' dir='ltr'>es,·</span> <span class='ocrx_word' id='word_1_175' title='bbox 977 1519 1053 1589; x_wconf 93' lang='lat' dir='ltr'>quod</span> <span class='ocrx_word' id='word_1_176' title='bbox 1070 1537 1135 1573; x_wconf 93' lang='lat' dir='ltr'>cum</span> <span class='ocrx_word' id='word_1_177' title='bbox 1147 1520 1258 1574; x_wconf 89' lang='lat' dir='ltr'>Abdira</span> 
     </span>
     <span class='ocr_line' id='line_1_17' title="bbox 105 1590 1257 1659; baseline 0.003 -17"><span class='ocrx_word' id='word_1_178' title='bbox 105 1600 262 1659; x_wconf 86' lang='lat' dir='ltr'>uocaretur,</span> <span class='ocrx_word' id='word_1_179' title='bbox 275 1608 343 1645; x_wconf 88' lang='lat' dir='ltr'>uera</span> <span class='ocrx_word' id='word_1_180' title='bbox 355 1591 478 1644; x_wconf 91' lang='lat' dir='ltr'>nominis</span> <span class='ocrx_word' id='word_1_181' title='bbox 491 1590 661 1659; x_wconf 89' lang='lat' dir='ltr'>significatio</span> <span class='ocrx_word' id='word_1_182' title='bbox 672 1590 786 1645; x_wconf 88' lang='lat' dir='ltr'>latitura</span> <span class='ocrx_word' id='word_1_183' title='bbox 799 1600 867 1658; x_wconf 92' lang='lat' dir='ltr'>erat,</span> <span class='ocrx_word' id='word_1_184' title='bbox 881 1607 945 1644; x_wconf 94' lang='lat' dir='ltr'>cum</span> <span class='ocrx_word' id='word_1_185' title='bbox 963 1590 1094 1643; x_wconf 89' lang='lat' dir='ltr'>omnibus</span> <span class='ocrx_word' id='word_1_186' title='bbox 1107 1590 1154 1644; x_wconf 88' lang='lat' dir='ltr'>illa</span> <span class='ocrx_word' id='word_1_187' title='bbox 1167 1591 1257 1645; x_wconf 87' lang='lat' dir='ltr'>altera</span> 
     </span>
     <span class='ocr_line' id='line_1_18' title="bbox 104 1660 1256 1730; baseline 0 -17"><span class='ocrx_word' id='word_1_188' title='bbox 104 1660 221 1715; x_wconf 90' lang='lat' dir='ltr'>Abdera</span> <span class='ocrx_word' id='word_1_189' title='bbox 237 1661 333 1715; x_wconf 89' lang='lat' dir='ltr'>animo</span> <span class='ocrx_word' id='word_1_190' title='bbox 353 1663 558 1716; x_wconf 90' lang='lat' dir='ltr'>obuersaretur.</span> <span class='ocrx_word' id='word_1_191' title='bbox 596 1663 679 1717; x_wconf 88' lang='lat' dir='ltr'>Certe</span> <span class='ocrx_word' id='word_1_192' title='bbox 696 1678 753 1715; x_wconf 93' lang='lat' dir='ltr'>non</span> <span class='ocrx_word' id='word_1_193' title='bbox 767 1660 945 1715; x_wconf 91' lang='lat' dir='ltr'>disconuenit</span> <span class='ocrx_word' id='word_1_194' title='bbox 958 1660 988 1714; x_wconf 90' lang='lat' dir='ltr'>id</span> <span class='ocrx_word' id='word_1_195' title='bbox 1001 1660 1078 1730; x_wconf 91' lang='lat' dir='ltr'>quod</span> <span class='ocrx_word' id='word_1_196' title='bbox 1090 1660 1119 1713; x_wconf 90' lang='lat' dir='ltr'>in</span> <span class='ocrx_word' id='word_1_197' title='bbox 1133 1662 1154 1713; x_wconf 94' lang='lat' dir='ltr'>P</span> <span class='ocrx_word' id='word_1_198' title='bbox 1168 1661 1256 1730; x_wconf 90' lang='lat' dir='ltr'>scrip-</span> 
     </span>
     <span class='ocr_line' id='line_1_19' title="bbox 104 1730 1255 1801; baseline 0.002 -17"><span class='ocrx_word' id='word_1_199' title='bbox 104 1740 165 1784; x_wconf 92' lang='lat' dir='ltr'>tum</span> <span class='ocrx_word' id='word_1_200' title='bbox 187 1741 239 1800; x_wconf 90' lang='lat' dir='ltr'>est,</span> <span class='ocrx_word' id='word_1_201' title='bbox 261 1732 420 1786; x_wconf 87' lang='lat' dir='ltr'>Abdrida.</span> <span class='ocrx_word' id='word_1_202' title='bbox 456 1733 542 1786; x_wconf 89' lang='lat' dir='ltr'>Afros</span> <span class='ocrx_word' id='word_1_203' title='bbox 564 1741 668 1801; x_wconf 87' lang='lat' dir='ltr'>autem,</span> <span class='ocrx_word' id='word_1_204' title='bbox 690 1731 846 1800; x_wconf 87' lang='lat' dir='ltr'>Aegyptios</span> <span class='ocrx_word' id='word_1_205' title='bbox 868 1734 969 1785; x_wconf 91' lang='lat' dir='ltr'>saltem</span> <span class='ocrx_word' id='word_1_206' title='bbox 993 1730 1103 1799; x_wconf 90' lang='lat' dir='ltr'>lapides</span> <span class='ocrx_word' id='word_1_207' title='bbox 1126 1731 1255 1787; x_wconf 88' lang='lat' dir='ltr'>conicere</span> 
     </span>
     <span class='ocr_line' id='line_1_20' title="bbox 105 1802 1230 1871; baseline 0.003 -17"><span class='ocrx_word' id='word_1_208' title='bbox 105 1802 204 1856; x_wconf 92' lang='lat' dir='ltr'>solitos</span> <span class='ocrx_word' id='word_1_209' title='bbox 217 1802 246 1856; x_wconf 93' lang='lat' dir='ltr'>in</span> <span class='ocrx_word' id='word_1_210' title='bbox 259 1803 394 1858; x_wconf 90' lang='lat' dir='ltr'>deuotum</span> <span class='ocrx_word' id='word_1_211' title='bbox 406 1803 487 1857; x_wconf 91' lang='lat' dir='ltr'>testis</span> <span class='ocrx_word' id='word_1_212' title='bbox 500 1812 543 1858; x_wconf 93' lang='lat' dir='ltr'>est</span> <span class='ocrx_word' id='word_1_213' title='bbox 557 1803 702 1857; x_wconf 90' lang='lat' dir='ltr'>Diodorus</span> <span class='ocrx_word' id='word_1_214' title='bbox 715 1803 731 1856; x_wconf 94' lang='lat' dir='ltr'>i.</span> <span class='ocrx_word' id='word_1_215' title='bbox 746 1817 789 1871; x_wconf 89' lang='lat'>91.</span> <span class='ocrx_word' id='word_1_216' title='bbox 802 1816 820 1868; x_wconf 90' lang='lat'>4</span> <span class='ocrx_word' id='word_1_217' title='bbox 832 1818 877 1871; x_wconf 92' lang='lat' dir='ltr'>ap.</span> <span class='ocrx_word' id='word_1_218' title='bbox 892 1802 960 1856; x_wconf 91' lang='lat' dir='ltr'>Lob.</span> <span class='ocrx_word' id='word_1_219' title='bbox 975 1802 1114 1871; x_wconf 85' lang='lat' dir='ltr'>Aglaoph.</span> <span class='ocrx_word' id='word_1_220' title='bbox 1128 1818 1156 1871; x_wconf 93' lang='lat' dir='ltr'>p.</span> <span class='ocrx_word' id='word_1_221' title='bbox 1169 1802 1230 1868; x_wconf 86' lang='lat'>676.</span> 
     </span>
    </p>

    <p class='ocr_par' dir='ltr' id='par_1_4' title="bbox 101 1872 1256 2580">
     <span class='ocr_line' id='line_1_21' title="bbox 140 1872 1256 1943; baseline 0.002 -17"><span class='ocrx_word' id='word_1_222' title='bbox 140 1873 187 1926; x_wconf 93' lang='lat' dir='ltr'>Ad</span> <span class='ocrx_word' id='word_1_223' title='bbox 198 1876 266 1930; x_wconf 83' lang='lat'>415.</span> <span class='ocrx_word' id='word_1_224' title='bbox 286 1873 509 1929; x_wconf 84' lang='lat' dir='ltr'>Scholiastarum</span> <span class='ocrx_word' id='word_1_225' title='bbox 524 1874 692 1928; x_wconf 90' lang='lat' dir='ltr'>confirmant</span> <span class='ocrx_word' id='word_1_226' title='bbox 707 1872 918 1943; x_wconf 90' lang='lat' dir='ltr'>quodammodo</span> <span class='ocrx_word' id='word_1_227' title='bbox 934 1872 1150 1941; x_wconf 83' lang='lat' dir='ltr'>explicationem</span> <span class='ocrx_word' id='word_1_228' title='bbox 1167 1873 1256 1928; x_wconf 88' lang='lat' dir='ltr'>uerba</span> 
     </span>
     <span class='ocr_line' id='line_1_22' title="bbox 105 1942 1255 2012; baseline 0.002 -16"><span class='ocrx_word' id='word_1_229' title='bbox 105 1943 231 1997; x_wconf 90' lang='lat' dir='ltr'>Caesarii</span> <span class='ocrx_word' id='word_1_230' title='bbox 248 1943 368 1999; x_wconf 76' lang='grc' dir='ltr'>πίστεων</span> <span class='ocrx_word' id='word_1_231' title='bbox 386 1944 414 1998; x_wconf 90' lang='lat' dir='ltr'>in</span> <span class='ocrx_word' id='word_1_232' title='bbox 435 1944 508 1998; x_wconf 91' lang='lat' dir='ltr'>Bibl.</span> <span class='ocrx_word' id='word_1_233' title='bbox 528 1946 628 1999; x_wconf 89' lang='lat' dir='ltr'>Graec.</span> <span class='ocrx_word' id='word_1_234' title='bbox 649 1948 764 1999; x_wconf 89' lang='lat' dir='ltr'>Patrum</span> <span class='ocrx_word' id='word_1_235' title='bbox 783 1945 817 1997; x_wconf 89' lang='lat' dir='ltr'>T.</span> <span class='ocrx_word' id='word_1_236' title='bbox 835 1944 869 2012; x_wconf 87' lang='lat'>38</span> <span class='ocrx_word' id='word_1_237' title='bbox 888 1960 914 2012; x_wconf 90' lang='lat' dir='ltr'>p.</span> <span class='ocrx_word' id='word_1_238' title='bbox 933 1958 984 2012; x_wconf 84' lang='lat'>993</span> <span class='ocrx_word' id='word_1_239' title='bbox 1006 1942 1112 2012; x_wconf 86' lang='lat' dir='ltr'>Migne,</span> <span class='ocrx_word' id='word_1_240' title='bbox 1132 1943 1219 1998; x_wconf 89' lang='lat' dir='ltr'>citata</span> <span class='ocrx_word' id='word_1_241' title='bbox 1237 1961 1255 1998; x_wconf 89' lang='lat' dir='ltr'>a</span> 
     </span>
     <span class='ocr_line' id='line_1_23' title="bbox 105 2012 1255 2102; baseline 0.002 -35"><span class='ocrx_word' id='word_1_242' title='bbox 105 2014 248 2068; x_wconf 88' lang='lat' dir='ltr'>Lobeckio</span> <span class='ocrx_word' id='word_1_243' title='bbox 257 2015 397 2102; x_wconf 67' lang='lat' dir='ltr'>Aglaoph.</span> <span class='ocrx_word' id='word_1_244' title='bbox 407 2032 436 2084; x_wconf 90' lang='lat' dir='ltr'>p.</span> <span class='ocrx_word' id='word_1_245' title='bbox 448 2028 498 2083; x_wconf 82' lang='lat'>574</span> <span class='ocrx_word' id='word_1_246' title='bbox 510 2013 594 2070; x_wconf 82' lang='grc' dir='ltr'>Ἰλιεῖς</span> <span class='ocrx_word' id='word_1_247' title='bbox 606 2013 768 2082; x_wconf 82' lang='grc' dir='ltr'>τὸνἝκτορα</span> <span class='ocrx_word' id='word_1_248' title='bbox 780 2016 882 2082; x_wconf 80' lang='grc' dir='ltr'>μᾶλλον</span> <span class='ocrx_word' id='word_1_249' title='bbox 891 2015 919 2066; x_wconf 85' lang='grc' dir='ltr'>δέ</span> <span class='ocrx_word' id='word_1_250' title='bbox 929 2012 982 2066; x_wconf 82' lang='grc' dir='ltr'>οὐδΙ</span> <span class='ocrx_word' id='word_1_251' title='bbox 990 2012 1116 2083; x_wconf 80' lang='grc' dir='ltr'>ἀλέκτορα</span> <span class='ocrx_word' id='word_1_252' title='bbox 1128 2016 1255 2084; x_wconf 84' lang='grc' dir='ltr'>χρηστόν,</span> 
     </span>
     <span class='ocr_line' id='line_1_24' title="bbox 103 2083 1256 2156; baseline 0.003 -20"><span class='ocrx_word' id='word_1_253' title='bbox 103 2085 128 2136; x_wconf 80' lang='lat' dir='ltr'>oi</span> <span class='ocrx_word' id='word_1_254' title='bbox 146 2085 175 2137; x_wconf 93' lang='grc' dir='ltr'>ἐν</span> <span class='ocrx_word' id='word_1_255' title='bbox 189 2083 269 2153; x_wconf 81' lang='grc' dir='ltr'>Λεύκῃ</span> <span class='ocrx_word' id='word_1_256' title='bbox 285 2086 330 2138; x_wconf 85' lang='grc' dir='ltr'>τὸν</span> <span class='ocrx_word' id='word_1_257' title='bbox 345 2106 435 2156; x_wconf 83' lang='grc' dir='ltr'>ικαχον</span> <span class='ocrx_word' id='word_1_258' title='bbox 447 2085 581 2155; x_wconf 80' lang='grc' dir='ltr'>Ἀχιλλέα,</span> <span class='ocrx_word' id='word_1_259' title='bbox 596 2088 703 2139; x_wconf 91' lang='grc' dir='ltr'>Πόντιοι</span> <span class='ocrx_word' id='word_1_260' title='bbox 717 2084 875 2155; x_wconf 81' lang='grc' dir='ltr'>(Ὀπούντιοι</span> <span class='ocrx_word' id='word_1_261' title='bbox 893 2083 1018 2152; x_wconf 89' lang='lat' dir='ltr'>Lobeck)</span> <span class='ocrx_word' id='word_1_262' title='bbox 1035 2087 1080 2138; x_wconf 90' lang='grc' dir='ltr'>τδν</span> <span class='ocrx_word' id='word_1_263' title='bbox 1094 2086 1256 2150; x_wconf 91' lang='grc' dir='ltr'>πατραλοίαν</span> 
     </span>
     <span class='ocr_line' id='line_1_25' title="bbox 103 2154 1254 2226; baseline 0.002 -19"><span class='ocrx_word' id='word_1_264' title='bbox 103 2154 265 2224; x_wconf 87' lang='grc' dir='ltr'>Πάτροκλον,</span> <span class='ocrx_word' id='word_1_265' title='bbox 276 2154 389 2210; x_wconf 79' lang='grc' dir='ltr'>Ῥόδιοι</span> <span class='ocrx_word' id='word_1_266' title='bbox 402 2158 454 2210; x_wconf 87' lang='grc' dir='ltr'>τὸν</span> <span class='ocrx_word' id='word_1_267' title='bbox 466 2157 635 2226; x_wconf 80' lang='grc' dir='ltr'>είκημόχου</span> <span class='ocrx_word' id='word_1_268' title='bbox 648 2156 820 2210; x_wconf 83' lang='grc' dir='ltr'>Μακεδόνα.</span> <span class='ocrx_word' id='word_1_269' title='bbox 842 2156 960 2209; x_wconf 90' lang='lat' dir='ltr'>Rhodos</span> <span class='ocrx_word' id='word_1_270' title='bbox 974 2155 1057 2209; x_wconf 89' lang='lat' dir='ltr'>sedes</span> <span class='ocrx_word' id='word_1_271' title='bbox 1070 2154 1254 2224; x_wconf 84' lang='lat' dir='ltr'>Telchinum3</span> 
     </span>
     <span class='ocr_line' id='line_1_26' title="bbox 103 2225 1253 2297; baseline 0.003 -19"><span class='ocrx_word' id='word_1_272' title='bbox 103 2225 209 2279; x_wconf 91' lang='lat' dir='ltr'>bellum</span> <span class='ocrx_word' id='word_1_273' title='bbox 227 2226 407 2281; x_wconf 89' lang='lat' dir='ltr'>temerarium</span> <span class='ocrx_word' id='word_1_274' title='bbox 425 2235 507 2296; x_wconf 91' lang='lat' dir='ltr'>putes</span> <span class='ocrx_word' id='word_1_275' title='bbox 527 2227 557 2280; x_wconf 90' lang='lat' dir='ltr'>id</span> <span class='ocrx_word' id='word_1_276' title='bbox 575 2244 639 2281; x_wconf 92' lang='lat' dir='ltr'>esse</span> <span class='ocrx_word' id='word_1_277' title='bbox 658 2227 734 2297; x_wconf 93' lang='lat' dir='ltr'>quod</span> <span class='ocrx_word' id='word_1_278' title='bbox 753 2243 818 2280; x_wconf 94' lang='lat' dir='ltr'>cum</span> <span class='ocrx_word' id='word_1_279' title='bbox 837 2226 946 2295; x_wconf 90' lang='lat' dir='ltr'>superis</span> <span class='ocrx_word' id='word_1_280' title='bbox 964 2225 1087 2294; x_wconf 88' lang='lat' dir='ltr'>gessisse</span> <span class='ocrx_word' id='word_1_281' title='bbox 1101 2226 1253 2282; x_wconf 90' lang='lat' dir='ltr'>Telchinas</span> 
     </span>
     <span class='ocr_line' id='line_1_27' title="bbox 101 2296 1253 2367; baseline 0.003 -18"><span class='ocrx_word' id='word_1_282' title='bbox 101 2296 237 2351; x_wconf 86' lang='lat' dir='ltr'>credibile</span> <span class='ocrx_word' id='word_1_283' title='bbox 256 2306 307 2365; x_wconf 91' lang='lat' dir='ltr'>est,</span> <span class='ocrx_word' id='word_1_284' title='bbox 327 2313 397 2367; x_wconf 91' lang='lat' dir='ltr'>quos</span> <span class='ocrx_word' id='word_1_285' title='bbox 418 2297 532 2352; x_wconf 88' lang='lat' dir='ltr'>Seruius</span> <span class='ocrx_word' id='word_1_286' title='bbox 552 2297 589 2351; x_wconf 93' lang='lat' dir='ltr'>ad</span> <span class='ocrx_word' id='word_1_287' title='bbox 607 2299 677 2353; x_wconf 92' lang='lat' dir='ltr'>Aen.</span> <span class='ocrx_word' id='word_1_288' title='bbox 698 2297 734 2352; x_wconf 90' lang='lat' dir='ltr'>iv.</span> <span class='ocrx_word' id='word_1_289' title='bbox 748 2310 798 2365; x_wconf 85' lang='lat'>377</span> <span class='ocrx_word' id='word_1_290' title='bbox 818 2297 855 2350; x_wconf 94' lang='lat' dir='ltr'>ab</span> <span class='ocrx_word' id='word_1_291' title='bbox 868 2297 999 2366; x_wconf 87' lang='lat' dir='ltr'>Apolline</span> <span class='ocrx_word' id='word_1_292' title='bbox 1019 2296 1128 2352; x_wconf 90' lang='lat' dir='ltr'>occisos</span> <span class='ocrx_word' id='word_1_293' title='bbox 1147 2296 1176 2350; x_wconf 91' lang='lat' dir='ltr'>in</span> <span class='ocrx_word' id='word_1_294' title='bbox 1194 2298 1253 2367; x_wconf 95' lang='lat' dir='ltr'>lupi</span> 
     </span>
     <span class='ocr_line' id='line_1_28' title="bbox 101 2366 1254 2437; baseline 0.003 -18"><span class='ocrx_word' id='word_1_295' title='bbox 101 2366 209 2436; x_wconf 87' lang='lat' dir='ltr'>habitu,</span> <span class='ocrx_word' id='word_1_296' title='bbox 228 2367 275 2421; x_wconf 89' lang='lat' dir='ltr'>alii</span> <span class='ocrx_word' id='word_1_297' title='bbox 293 2368 391 2422; x_wconf 90' lang='lat' dir='ltr'>Rheae</span> <span class='ocrx_word' id='word_1_298' title='bbox 409 2368 574 2424; x_wconf 90' lang='lat' dir='ltr'>aduersatos</span> <span class='ocrx_word' id='word_1_299' title='bbox 593 2385 656 2423; x_wconf 90' lang='lat' dir='ltr'>esse</span> <span class='ocrx_word' id='word_1_300' title='bbox 675 2367 842 2423; x_wconf 86' lang='lat' dir='ltr'>tradiderint</span> <span class='ocrx_word' id='word_1_301' title='bbox 862 2368 969 2436; x_wconf 89' lang='lat' dir='ltr'>(Schol.</span> <span class='ocrx_word' id='word_1_302' title='bbox 987 2369 1081 2437; x_wconf 90' lang='lat' dir='ltr'>Apoll.</span> <span class='ocrx_word' id='word_1_303' title='bbox 1095 2370 1128 2421; x_wconf 90' lang='lat' dir='ltr'>R.</span> <span class='ocrx_word' id='word_1_304' title='bbox 1142 2367 1160 2422; x_wconf 94' lang='lat' dir='ltr'>i.</span> <span class='ocrx_word' id='word_1_305' title='bbox 1177 2382 1254 2437; x_wconf 84' lang='lat'>1141,</span> 
     </span>
     <span class='ocr_line' id='line_1_29' title="bbox 102 2435 1252 2509; baseline 0.003 -19"><span class='ocrx_word' id='word_1_306' title='bbox 102 2437 214 2491; x_wconf 88' lang='grc' dir='ltr'>Ἀνταία.</span> <span class='ocrx_word' id='word_1_307' title='bbox 242 2437 326 2505; x_wconf 83' lang='grc' dir='ltr'>ἡῬέα</span> <span class='ocrx_word' id='word_1_308' title='bbox 338 2437 404 2491; x_wconf 81' lang='grc' dir='ltr'>οὕτω</span> <span class='ocrx_word' id='word_1_309' title='bbox 415 2439 520 2509; x_wconf 88' lang='grc' dir='ltr'>λέγεται</span> <span class='ocrx_word' id='word_1_310' title='bbox 533 2439 597 2493; x_wconf 87' lang='grc' dir='ltr'>διότι</span> <span class='ocrx_word' id='word_1_311' title='bbox 611 2439 710 2493; x_wconf 88' lang='grc' dir='ltr'>ἐναντία</span> <span class='ocrx_word' id='word_1_312' title='bbox 722 2442 776 2493; x_wconf 87' lang='grc' dir='ltr'>τοῖς</span> <span class='ocrx_word' id='word_1_313' title='bbox 788 2441 913 2509; x_wconf 85' lang='grc' dir='ltr'>Τελχῖσιν</span> <span class='ocrx_word' id='word_1_314' title='bbox 924 2435 1034 2509; x_wconf 87' lang='grc' dir='ltr'>ἐγένετο,</span> <span class='ocrx_word' id='word_1_315' title='bbox 1053 2439 1087 2494; x_wconf 84' lang='lat' dir='ltr'>cf.</span> <span class='ocrx_word' id='word_1_316' title='bbox 1102 2440 1196 2506; x_wconf 90' lang='lat' dir='ltr'>Etym.</span> <span class='ocrx_word' id='word_1_317' title='bbox 1212 2442 1252 2494; x_wconf 92' lang='lat' dir='ltr'>M.</span> 
     </span>
     <span class='ocr_line' id='line_1_30' title="bbox 101 2509 583 2580; baseline 0.01 -20"><span class='ocrx_word' id='word_1_318' title='bbox 101 2524 128 2577; x_wconf 89' lang='lat' dir='ltr'>p.</span> <span class='ocrx_word' id='word_1_319' title='bbox 145 2523 202 2574; x_wconf 90' lang='lat'>111,</span> <span class='ocrx_word' id='word_1_320' title='bbox 217 2509 285 2563; x_wconf 92' lang='lat' dir='ltr'>Lob.</span> <span class='ocrx_word' id='word_1_321' title='bbox 298 2509 439 2578; x_wconf 88' lang='lat' dir='ltr'>Aglaoph.</span> <span class='ocrx_word' id='word_1_322' title='bbox 451 2527 477 2579; x_wconf 90' lang='lat' dir='ltr'>p.</span> <span class='ocrx_word' id='word_1_323' title='bbox 494 2510 583 2580; x_wconf 83' lang='lat'>1197).</span> 
     </span>
    </p>

    <p class='ocr_par' dir='ltr' id='par_1_5' title="bbox 99 2577 1253 3285">
     <span class='ocr_line' id='line_1_31' title="bbox 138 2577 1253 2650; baseline 0.004 -19"><span class='ocrx_word' id='word_1_324' title='bbox 138 2580 201 2632; x_wconf 89' lang='lat' dir='ltr'>Iam</span> <span class='ocrx_word' id='word_1_325' title='bbox 218 2579 328 2649; x_wconf 91' lang='lat' dir='ltr'>siquae</span> <span class='ocrx_word' id='word_1_326' title='bbox 346 2590 441 2649; x_wconf 89' lang='lat' dir='ltr'>partes</span> <span class='ocrx_word' id='word_1_327' title='bbox 461 2582 603 2649; x_wconf 89' lang='lat' dir='ltr'>Curetum,</span> <span class='ocrx_word' id='word_1_328' title='bbox 616 2579 735 2635; x_wconf 90' lang='lat' dir='ltr'>eaedem</span> <span class='ocrx_word' id='word_1_329' title='bbox 752 2589 832 2635; x_wconf 89' lang='lat' dir='ltr'>erant</span> <span class='ocrx_word' id='word_1_330' title='bbox 850 2577 1027 2650; x_wconf 90' lang='lat' dir='ltr'>Telchinum,</span> <span class='ocrx_word' id='word_1_331' title='bbox 1040 2589 1070 2635; x_wconf 92' lang='lat' dir='ltr'>ut</span> <span class='ocrx_word' id='word_1_332' title='bbox 1084 2581 1153 2635; x_wconf 92' lang='lat' dir='ltr'>deos</span> <span class='ocrx_word' id='word_1_333' title='bbox 1166 2581 1253 2635; x_wconf 94' lang='lat' dir='ltr'>modo</span> 
     </span>
     <span class='ocr_line' id='line_1_32' title="bbox 101 2648 1252 2722; baseline 0.003 -20"><span class='ocrx_word' id='word_1_334' title='bbox 101 2648 265 2704; x_wconf 85' lang='lat' dir='ltr'>educandos</span> <span class='ocrx_word' id='word_1_335' title='bbox 294 2650 469 2720; x_wconf 89' lang='lat' dir='ltr'>susciperent</span> <span class='ocrx_word' id='word_1_336' title='bbox 494 2652 581 2705; x_wconf 93' lang='lat' dir='ltr'>modo</span> <span class='ocrx_word' id='word_1_337' title='bbox 606 2651 796 2720; x_wconf 90' lang='lat' dir='ltr'>amolirentur,</span> <span class='ocrx_word' id='word_1_338' title='bbox 824 2653 900 2706; x_wconf 91' lang='lat' dir='ltr'>uelut</span> <span class='ocrx_word' id='word_1_339' title='bbox 926 2655 1025 2706; x_wconf 94' lang='lat' dir='ltr'>Iouem</span> <span class='ocrx_word' id='word_1_340' title='bbox 1050 2653 1252 2722; x_wconf 91' lang='lat' dir='ltr'>Bacchumque</span> 
     </span>
     <span class='ocr_line' id='line_1_33' title="bbox 101 2719 1252 2792; baseline 0.004 -20"><span class='ocrx_word' id='word_1_341' title='bbox 101 2719 192 2788; x_wconf 90' lang='lat' dir='ltr'>tutati,</span> <span class='ocrx_word' id='word_1_342' title='bbox 215 2722 367 2790; x_wconf 88' lang='lat' dir='ltr'>Epaphum</span> <span class='ocrx_word' id='word_1_343' title='bbox 389 2722 445 2775; x_wconf 89' lang='lat' dir='ltr'>leto</span> <span class='ocrx_word' id='word_1_344' title='bbox 468 2721 581 2776; x_wconf 90' lang='lat' dir='ltr'>dedisse</span> <span class='ocrx_word' id='word_1_345' title='bbox 602 2722 732 2776; x_wconf 91' lang='lat' dir='ltr'>dicuntur</span> <span class='ocrx_word' id='word_1_346' title='bbox 753 2721 894 2792; x_wconf 89' lang='lat' dir='ltr'>(Apollod.</span> <span class='ocrx_word' id='word_1_347' title='bbox 916 2722 944 2778; x_wconf 92' lang='lat' dir='ltr'>ii.</span> <span class='ocrx_word' id='word_1_348' title='bbox 968 2738 988 2777; x_wconf 93' lang='lat'>1.</span> <span class='ocrx_word' id='word_1_349' title='bbox 1011 2721 1048 2790; x_wconf 85' lang='lat'>3),</span> <span class='ocrx_word' id='word_1_350' title='bbox 1070 2739 1127 2776; x_wconf 90' lang='lat' dir='ltr'>non</span> <span class='ocrx_word' id='word_1_351' title='bbox 1150 2723 1252 2777; x_wconf 91' lang='lat' dir='ltr'>mirum</span> 
     </span>
     <span class='ocr_line' id='line_1_34' title="bbox 101 2789 1253 2861; baseline 0.005 -19"><span class='ocrx_word' id='word_1_352' title='bbox 101 2789 125 2843; x_wconf 88' lang='lat' dir='ltr'>si</span> <span class='ocrx_word' id='word_1_353' title='bbox 145 2790 295 2846; x_wconf 89' lang='lat' dir='ltr'>Telchines</span> <span class='ocrx_word' id='word_1_354' title='bbox 314 2792 429 2846; x_wconf 90' lang='lat' dir='ltr'>alternis</span> <span class='ocrx_word' id='word_1_355' title='bbox 451 2791 560 2846; x_wconf 95' lang='lat' dir='ltr'>uicibus</span> <span class='ocrx_word' id='word_1_356' title='bbox 580 2793 679 2846; x_wconf 90' lang='lat' dir='ltr'>Rheae</span> <span class='ocrx_word' id='word_1_357' title='bbox 701 2793 789 2846; x_wconf 90' lang='lat' dir='ltr'>filium</span> <span class='ocrx_word' id='word_1_358' title='bbox 809 2795 975 2861; x_wconf 90' lang='lat' dir='ltr'>Neptunum</span> <span class='ocrx_word' id='word_1_359' title='bbox 993 2793 1131 2847; x_wconf 90' lang='lat' dir='ltr'>educasse</span> <span class='ocrx_word' id='word_1_360' title='bbox 1153 2793 1253 2860; x_wconf 88' lang='lat' dir='ltr'>(Diod.</span> 
     </span>
     <span class='ocr_line' id='line_1_35' title="bbox 100 2860 1252 2932; baseline 0.003 -18"><span class='ocrx_word' id='word_1_361' title='bbox 100 2878 126 2913; x_wconf 91' lang='lat' dir='ltr'>v.</span> <span class='ocrx_word' id='word_1_362' title='bbox 142 2860 195 2929; x_wconf 82' lang='lat'>55),</span> <span class='ocrx_word' id='word_1_363' title='bbox 213 2861 300 2915; x_wconf 90' lang='lat' dir='ltr'>iidem</span> <span class='ocrx_word' id='word_1_364' title='bbox 320 2879 386 2915; x_wconf 87' lang='lat' dir='ltr'>mox</span> <span class='ocrx_word' id='word_1_365' title='bbox 406 2863 505 2917; x_wconf 93' lang='lat' dir='ltr'>Rheae</span> <span class='ocrx_word' id='word_1_366' title='bbox 525 2863 667 2917; x_wconf 89' lang='lat' dir='ltr'>aduersati</span> <span class='ocrx_word' id='word_1_367' title='bbox 687 2863 878 2932; x_wconf 91' lang='lat' dir='ltr'>perhibentur.</span> <span class='ocrx_word' id='word_1_368' title='bbox 917 2865 1035 2918; x_wconf 90' lang='lat' dir='ltr'>Curetas</span> <span class='ocrx_word' id='word_1_369' title='bbox 1057 2873 1153 2918; x_wconf 86' lang='lat' dir='ltr'>autem</span> <span class='ocrx_word' id='word_1_370' title='bbox 1171 2863 1195 2917; x_wconf 92' lang='lat' dir='ltr'>si</span> <span class='ocrx_word' id='word_1_371' title='bbox 1215 2864 1252 2917; x_wconf 96' lang='lat' dir='ltr'>ob</span> 
     </span>
     <span class='ocr_line' id='line_1_36' title="bbox 101 2931 1252 3004; baseline 0.004 -21"><span class='ocrx_word' id='word_1_372' title='bbox 101 2931 226 2984; x_wconf 92' lang='lat' dir='ltr'>occisum</span> <span class='ocrx_word' id='word_1_373' title='bbox 249 2934 401 3001; x_wconf 87' lang='lat' dir='ltr'>Epaphum</span> <span class='ocrx_word' id='word_1_374' title='bbox 424 2933 532 3002; x_wconf 90' lang='lat' dir='ltr'>Iupiter</span> <span class='ocrx_word' id='word_1_375' title='bbox 552 2933 671 3004; x_wconf 90' lang='lat' dir='ltr'>peremit</span> <span class='ocrx_word' id='word_1_376' title='bbox 695 2933 836 3004; x_wconf 89' lang='lat' dir='ltr'>(Apollod.</span> <span class='ocrx_word' id='word_1_377' title='bbox 859 2935 878 2987; x_wconf 96' lang='lat' dir='ltr'>l.</span> <span class='ocrx_word' id='word_1_378' title='bbox 895 2932 940 3002; x_wconf 80' lang='lat' dir='ltr'>c),</span> <span class='ocrx_word' id='word_1_379' title='bbox 959 2933 1112 2987; x_wconf 88' lang='lat' dir='ltr'>Telchinas</span> <span class='ocrx_word' id='word_1_380' title='bbox 1136 2944 1252 3003; x_wconf 90' lang='lat' dir='ltr'>propter</span> 
     </span>
     <span class='ocr_line' id='line_1_37' title="bbox 101 3000 1250 3074; baseline 0.003 -20"><span class='ocrx_word' id='word_1_381' title='bbox 101 3000 231 3055; x_wconf 87' lang='lat' dir='ltr'>iniuriam</span> <span class='ocrx_word' id='word_1_382' title='bbox 250 3003 374 3073; x_wconf 89' lang='lat' dir='ltr'>aliquam</span> <span class='ocrx_word' id='word_1_383' title='bbox 392 3005 555 3058; x_wconf 87' lang='lat' dir='ltr'>fulminatos</span> <span class='ocrx_word' id='word_1_384' title='bbox 575 3004 630 3058; x_wconf 91' lang='lat' dir='ltr'>dici</span> <span class='ocrx_word' id='word_1_385' title='bbox 644 3004 706 3074; x_wconf 89' lang='lat' dir='ltr'>quis</span> <span class='ocrx_word' id='word_1_386' title='bbox 725 3004 863 3058; x_wconf 78' lang='lat' dir='ltr'>miretur?</span> <span class='ocrx_word' id='word_1_387' title='bbox 899 3006 937 3057; x_wconf 91' lang='lat' dir='ltr'>Et</span> <span class='ocrx_word' id='word_1_388' title='bbox 959 3014 1018 3057; x_wconf 90' lang='lat' dir='ltr'>erat</span> <span class='ocrx_word' id='word_1_389' title='bbox 1038 3004 1111 3057; x_wconf 91' lang='lat' dir='ltr'>inter</span> <span class='ocrx_word' id='word_1_390' title='bbox 1131 3006 1250 3058; x_wconf 87' lang='lat' dir='ltr'>Curetas</span> 
     </span>
     <span class='ocr_line' id='line_1_38' title="bbox 100 3072 1250 3143; baseline 0.005 -19"><span class='ocrx_word' id='word_1_391' title='bbox 100 3072 309 3143; x_wconf 89' lang='lat' dir='ltr'>Telchinasque</span> <span class='ocrx_word' id='word_1_392' title='bbox 326 3074 515 3143; x_wconf 89' lang='lat' dir='ltr'>necessitudo,</span> <span class='ocrx_word' id='word_1_393' title='bbox 534 3084 607 3129; x_wconf 91' lang='lat' dir='ltr'>teste</span> <span class='ocrx_word' id='word_1_394' title='bbox 625 3075 765 3129; x_wconf 91' lang='lat' dir='ltr'>Strabone</span> <span class='ocrx_word' id='word_1_395' title='bbox 782 3088 833 3140; x_wconf 84' lang='lat'>472</span> <span class='ocrx_word' id='word_1_396' title='bbox 848 3091 891 3143; x_wconf 90' lang='lat' dir='ltr'>ap.</span> <span class='ocrx_word' id='word_1_397' title='bbox 912 3074 1034 3129; x_wconf 82' lang='lat' dir='ltr'>Lobeck.</span> <span class='ocrx_word' id='word_1_398' title='bbox 1053 3076 1117 3143; x_wconf 86' lang='lat' dir='ltr'>Agl.</span> <span class='ocrx_word' id='word_1_399' title='bbox 1131 3091 1157 3142; x_wconf 92' lang='lat' dir='ltr'>p.</span> <span class='ocrx_word' id='word_1_400' title='bbox 1174 3076 1250 3141; x_wconf 88' lang='lat'>1148.</span> 
     </span>
     <span class='ocr_line' id='line_1_39' title="bbox 101 3143 1251 3216; baseline 0.003 -20"><span class='ocrx_word' id='word_1_401' title='bbox 101 3143 182 3211; x_wconf 84' lang='lat' dir='ltr'>Quae</span> <span class='ocrx_word' id='word_1_402' title='bbox 194 3143 218 3196; x_wconf 92' lang='lat' dir='ltr'>si</span> <span class='ocrx_word' id='word_1_403' title='bbox 233 3144 407 3198; x_wconf 92' lang='lat' dir='ltr'>Lobeckium</span> <span class='ocrx_word' id='word_1_404' title='bbox 420 3156 532 3200; x_wconf 88' lang='lat' dir='ltr'>secutus</span> <span class='ocrx_word' id='word_1_405' title='bbox 545 3164 573 3216; x_wconf 92' lang='lat' dir='ltr'>p.</span> <span class='ocrx_word' id='word_1_406' title='bbox 590 3158 655 3214; x_wconf 90' lang='lat'>1197</span> <span class='ocrx_word' id='word_1_407' title='bbox 669 3163 735 3199; x_wconf 92' lang='lat' dir='ltr'>uere</span> <span class='ocrx_word' id='word_1_408' title='bbox 749 3145 859 3213; x_wconf 90' lang='lat' dir='ltr'>collig0,</span> <span class='ocrx_word' id='word_1_409' title='bbox 876 3144 1057 3199; x_wconf 91' lang='lat' dir='ltr'>scribendum</span> <span class='ocrx_word' id='word_1_410' title='bbox 1075 3145 1127 3199; x_wconf 91' lang='lat' dir='ltr'>erit</span> <span class='ocrx_word' id='word_1_411' title='bbox 1140 3162 1174 3198; x_wconf 87' lang='lat' dir='ltr'>ex</span> <span class='ocrx_word' id='word_1_412' title='bbox 1188 3147 1213 3199; x_wconf 98' lang='lat' dir='ltr'>T</span> <span class='ocrx_word' id='word_1_413' title='bbox 1223 3148 1251 3199; x_wconf 92' lang='lat' dir='ltr'>X</span> 
     </span>
     <span class='ocr_line' id='line_1_40' title="bbox 99 3213 964 3285; baseline 0.001 -18"><span class='ocrx_word' id='word_1_414' title='bbox 99 3213 142 3267; x_wconf 92' lang='lat' dir='ltr'>Vt</span> <span class='ocrx_word' id='word_1_415' title='bbox 156 3215 321 3269; x_wconf 88' lang='lat' dir='ltr'>Macedon</span> <span class='ocrx_word' id='word_1_416' title='bbox 333 3216 460 3285; x_wconf 90' lang='lat' dir='ltr'>rapidis</span> <span class='ocrx_word' id='word_1_417' title='bbox 473 3217 559 3271; x_wconf 90' lang='lat' dir='ltr'>ictus</span> <span class='ocrx_word' id='word_1_418' title='bbox 573 3234 644 3284; x_wconf 87' lang='lat' dir='ltr'>cum</span> <span class='ocrx_word' id='word_1_419' title='bbox 658 3215 797 3284; x_wconf 88' lang='lat' dir='ltr'>coniuge</span> <span class='ocrx_word' id='word_1_420' title='bbox 811 3214 964 3269; x_wconf 85' lang='lat' dir='ltr'>flammis.</span> 
     </span>
    </p>

    <p class='ocr_par' dir='ltr' id='par_1_6' title="bbox 95 3282 1252 4559">
     <span class='ocr_line' id='line_1_41' title="bbox 134 3282 1252 3356; baseline 0.003 -19"><span class='ocrx_word' id='word_1_421' title='bbox 134 3284 181 3337; x_wconf 91' lang='lat' dir='ltr'>Ad</span> <span class='ocrx_word' id='word_1_422' title='bbox 193 3288 263 3354; x_wconf 80' lang='lat'>499,</span> <span class='ocrx_word' id='word_1_423' title='bbox 276 3288 346 3340; x_wconf 84' lang='grc'>500.</span> <span class='ocrx_word' id='word_1_424' title='bbox 375 3287 460 3340; x_wconf 90' lang='lat' dir='ltr'>Diod.</span> <span class='ocrx_word' id='word_1_425' title='bbox 482 3307 506 3341; x_wconf 92' lang='lat' dir='ltr'>v.</span> <span class='ocrx_word' id='word_1_426' title='bbox 528 3288 561 3341; x_wconf 87' lang='lat'>62</span> <span class='ocrx_word' id='word_1_427' title='bbox 580 3285 662 3341; x_wconf 76' lang='grc' dir='ltr'>Ἐστι</span> <span class='ocrx_word' id='word_1_428' title='bbox 681 3285 703 3340; x_wconf 81' lang='grc' dir='ltr'>δ’</span> <span class='ocrx_word' id='word_1_429' title='bbox 723 3287 751 3339; x_wconf 88' lang='grc' dir='ltr'>ἐν</span> <span class='ocrx_word' id='word_1_430' title='bbox 773 3287 909 3356; x_wconf 65' lang='grc' dir='ltr'>Καστάβῳ»</span> <span class='ocrx_word' id='word_1_431' title='bbox 923 3288 968 3353; x_wconf 71' lang='grc' dir='ltr'>τῆς</span> <span class='ocrx_word' id='word_1_432' title='bbox 991 3282 1158 3355; x_wconf 79' lang='grc' dir='ltr'>Χεῤῥονὴσου</span> <span class='ocrx_word' id='word_1_433' title='bbox 1183 3286 1252 3354; x_wconf 80' lang='grc' dir='ltr'>ἱερὸν</span> 
     </span>
     <span class='ocr_line' id='line_1_42' title="bbox 98 3352 1251 3429; baseline 0.004 -23"><span class='ocrx_word' id='word_1_434' title='bbox 98 3352 173 3423; x_wconf 82' lang='grc' dir='ltr'>άγιον</span> <span class='ocrx_word' id='word_1_435' title='bbox 190 3352 322 3421; x_wconf 84' lang='grc' dir='ltr'>Ἡμιθέας,</span> <span class='ocrx_word' id='word_1_436' title='bbox 340 3355 370 3425; x_wconf 70' lang='grc' dir='ltr'>ἧς</span> <span class='ocrx_word' id='word_1_437' title='bbox 387 3358 433 3425; x_wconf 77' lang='grc' dir='ltr'>τὴν</span> <span class='ocrx_word' id='word_1_438' title='bbox 450 3356 610 3429; x_wconf 85' lang='grc' dir='ltr'>περιπέτειαν</span> <span class='ocrx_word' id='word_1_439' title='bbox 629 3359 673 3411; x_wconf 81' lang='grc' dir='ltr'>οὐκ</span> <span class='ocrx_word' id='word_1_440' title='bbox 690 3356 764 3424; x_wconf 83' lang='grc' dir='ltr'>ἀξιον</span> <span class='ocrx_word' id='word_1_441' title='bbox 781 3358 942 3426; x_wconf 79' lang='grc' dir='ltr'>παραλιπεῖν.</span> <span class='ocrx_word' id='word_1_442' title='bbox 979 3357 1075 3408; x_wconf 87' lang='grc' dir='ltr'>Πολλὰ</span> <span class='ocrx_word' id='word_1_443' title='bbox 1093 3357 1140 3424; x_wconf 78' lang='grc' dir='ltr'>μέν</span> <span class='ocrx_word' id='word_1_444' title='bbox 1152 3353 1197 3409; x_wconf 79' lang='grc' dir='ltr'>οὖν</span> <span class='ocrx_word' id='word_1_445' title='bbox 1209 3359 1251 3411; x_wconf 80' lang='grc' dir='ltr'>καί</span> 
     </span>
     <span class='ocr_line' id='line_1_43' title="bbox 97 3425 1251 3498; baseline 0.003 -21"><span class='ocrx_word' id='word_1_446' title='bbox 97 3426 212 3478; x_wconf 85' lang='grc' dir='ltr'>ποικιλοι</span> <span class='ocrx_word' id='word_1_447' title='bbox 224 3428 299 3496; x_wconf 87' lang='grc' dir='ltr'>λόγοι</span> <span class='ocrx_word' id='word_1_448' title='bbox 316 3427 375 3497; x_wconf 85' lang='grc' dir='ltr'>περὶ</span> <span class='ocrx_word' id='word_1_449' title='bbox 391 3428 468 3495; x_wconf 77' lang='grc' dir='ltr'>αότῖης</span> <span class='ocrx_word' id='word_1_450' title='bbox 480 3428 668 3498; x_wconf 85' lang='grc' dir='ltr'>παραδέδονται</span> <span class='ocrx_word' id='word_1_451' title='bbox 683 3429 728 3482; x_wconf 85' lang='grc' dir='ltr'>τὸν</span> <span class='ocrx_word' id='word_1_452' title='bbox 745 3425 768 3480; x_wconf 85' lang='grc' dir='ltr'>δ’</span> <span class='ocrx_word' id='word_1_453' title='bbox 779 3428 964 3497; x_wconf 74' lang='grc' dir='ltr'>ἐπικρατοῦντα</span> <span class='ocrx_word' id='word_1_454' title='bbox 976 3427 1017 3479; x_wconf 83' lang='grc' dir='ltr'>καὶ</span> <span class='ocrx_word' id='word_1_455' title='bbox 1029 3425 1251 3496; x_wconf 79' lang='grc' dir='ltr'>συμφωνούμενον</span> 
     </span>
     <span class='ocr_line' id='line_1_44' title="bbox 97 3497 1250 3569; baseline 0.003 -21"><span class='ocrx_word' id='word_1_456' title='bbox 97 3497 168 3562; x_wconf 87' lang='grc' dir='ltr'>παρὰ</span> <span class='ocrx_word' id='word_1_457' title='bbox 185 3499 239 3552; x_wconf 84' lang='grc' dir='ltr'>τοῖς</span> <span class='ocrx_word' id='word_1_458' title='bbox 257 3498 392 3567; x_wconf 79' lang='grc' dir='ltr'>ἐγχωρίοις</span> <span class='ocrx_word' id='word_1_459' title='bbox 409 3497 526 3568; x_wconf 86' lang='grc' dir='ltr'>διέξιμεν.</span> <span class='ocrx_word' id='word_1_460' title='bbox 565 3498 704 3568; x_wconf 83' lang='grc' dir='ltr'>Σταφύλου</span> <span class='ocrx_word' id='word_1_461' title='bbox 715 3499 766 3569; x_wconf 85' lang='grc' dir='ltr'>γὰρ</span> <span class='ocrx_word' id='word_1_462' title='bbox 784 3499 824 3552; x_wconf 83' lang='grc' dir='ltr'>καὶ</span> <span class='ocrx_word' id='word_1_463' title='bbox 840 3497 1034 3568; x_wconf 85' lang='grc' dir='ltr'>Χρυσοθέμιδός</span> <span class='ocrx_word' id='word_1_464' title='bbox 1046 3499 1115 3567; x_wconf 87' lang='grc' dir='ltr'>φασι</span> <span class='ocrx_word' id='word_1_465' title='bbox 1127 3498 1250 3569; x_wconf 90' lang='grc' dir='ltr'>γενέσθαι</span> 
     </span>
     <span class='ocr_line' id='line_1_45' title="bbox 97 3566 1251 3639; baseline 0.004 -21"><span class='ocrx_word' id='word_1_466' title='bbox 97 3568 167 3634; x_wconf 84' lang='grc' dir='ltr'>τρεῖς</span> <span class='ocrx_word' id='word_1_467' title='bbox 184 3566 326 3638; x_wconf 89' lang='grc' dir='ltr'>θυγατέρας</span> <span class='ocrx_word' id='word_1_468' title='bbox 344 3570 499 3623; x_wconf 91' lang='grc' dir='ltr'>Μολπαδίαν</span> <span class='ocrx_word' id='word_1_469' title='bbox 517 3570 557 3622; x_wconf 83' lang='grc' dir='ltr'>καί</span> <span class='ocrx_word' id='word_1_470' title='bbox 574 3568 648 3622; x_wconf 89' lang='grc' dir='ltr'>Ῥοιὼ</span> <span class='ocrx_word' id='word_1_471' title='bbox 666 3570 708 3622; x_wconf 82' lang='grc' dir='ltr'>καὶ</span> <span class='ocrx_word' id='word_1_472' title='bbox 726 3568 859 3638; x_wconf 86' lang='grc' dir='ltr'>Παρθένον</span> <span class='ocrx_word' id='word_1_473' title='bbox 877 3567 965 3635; x_wconf 78' lang='grc' dir='ltr'>ὄνομα.</span> <span class='ocrx_word' id='word_1_474' title='bbox 1002 3569 1052 3622; x_wconf 79' lang='grc' dir='ltr'>Καὶ</span> <span class='ocrx_word' id='word_1_475' title='bbox 1067 3569 1099 3637; x_wconf 79' lang='grc' dir='ltr'>τῇ</span> <span class='ocrx_word' id='word_1_476' title='bbox 1113 3571 1160 3639; x_wconf 82' lang='grc' dir='ltr'>μέν</span> <span class='ocrx_word' id='word_1_477' title='bbox 1171 3567 1251 3623; x_wconf 84' lang='grc' dir='ltr'>Ῥοιοῖ</span> 
     </span>
     <span class='ocr_line' id='line_1_46' title="bbox 97 3635 1249 3711; baseline 0.004 -22"><span class='ocrx_word' id='word_1_478' title='bbox 97 3638 144 3690; x_wconf 87' lang='grc' dir='ltr'>τὸν</span> <span class='ocrx_word' id='word_1_479' title='bbox 153 3635 309 3692; x_wconf 78' lang='grc' dir='ltr'>Ἀπόλλωνα</span> <span class='ocrx_word' id='word_1_480' title='bbox 320 3640 427 3710; x_wconf 82' lang='grc' dir='ltr'>μιγέντα</span> <span class='ocrx_word' id='word_1_481' title='bbox 445 3641 537 3710; x_wconf 82' lang='grc' dir='ltr'>ἔγκυον</span> <span class='ocrx_word' id='word_1_482' title='bbox 553 3641 669 3707; x_wconf 80' lang='grc' dir='ltr'>ποιῆσαι·</span> <span class='ocrx_word' id='word_1_483' title='bbox 688 3641 733 3694; x_wconf 83' lang='grc' dir='ltr'>τὸν</span> <span class='ocrx_word' id='word_1_484' title='bbox 751 3639 780 3693; x_wconf 83' lang='grc' dir='ltr'>δέ</span> <span class='ocrx_word' id='word_1_485' title='bbox 798 3641 896 3707; x_wconf 84' lang='grc' dir='ltr'>πατέρα</span> <span class='ocrx_word' id='word_1_486' title='bbox 914 3641 991 3708; x_wconf 74' lang='grc' dir='ltr'>αὐτῆς</span> <span class='ocrx_word' id='word_1_487' title='bbox 1009 3641 1042 3696; x_wconf 88' lang='grc' dir='ltr'>ῶς</span> <span class='ocrx_word' id='word_1_488' title='bbox 1058 3639 1101 3694; x_wconf 83' lang='grc' dir='ltr'>ὑπ’</span> <span class='ocrx_word' id='word_1_489' title='bbox 1113 3640 1249 3711; x_wconf 83' lang='grc' dir='ltr'>ἀνθρώπου</span> 
     </span>
     <span class='ocr_line' id='line_1_47' title="bbox 97 3708 1250 3783; baseline 0.004 -23"><span class='ocrx_word' id='word_1_490' title='bbox 97 3710 143 3776; x_wconf 80' lang='grc' dir='ltr'>τῆς</span> <span class='ocrx_word' id='word_1_491' title='bbox 162 3708 264 3779; x_wconf 83' lang='grc' dir='ltr'>φθορᾶς</span> <span class='ocrx_word' id='word_1_492' title='bbox 284 3710 451 3780; x_wconf 78' lang='grc' dir='ltr'>γεγενημένης</span> <span class='ocrx_word' id='word_1_493' title='bbox 472 3710 633 3781; x_wconf 78' lang='grc' dir='ltr'>ὀργισθῆναι,</span> <span class='ocrx_word' id='word_1_494' title='bbox 655 3711 695 3764; x_wconf 83' lang='grc' dir='ltr'>καί</span> <span class='ocrx_word' id='word_1_495' title='bbox 715 3711 757 3764; x_wconf 83' lang='grc' dir='ltr'>διὰ</span> <span class='ocrx_word' id='word_1_496' title='bbox 775 3717 852 3766; x_wconf 87' lang='grc' dir='ltr'>τοῦτο</span> <span class='ocrx_word' id='word_1_497' title='bbox 870 3712 917 3778; x_wconf 81' lang='grc' dir='ltr'>τὴν</span> <span class='ocrx_word' id='word_1_498' title='bbox 934 3712 1062 3783; x_wconf 88' lang='grc' dir='ltr'>θυγατέρα</span> <span class='ocrx_word' id='word_1_499' title='bbox 1080 3712 1116 3767; x_wconf 86' lang='grc' dir='ltr'>είς</span> <span class='ocrx_word' id='word_1_500' title='bbox 1134 3714 1250 3781; x_wconf 84' lang='grc' dir='ltr'>λάρνακα</span> 
     </span>
     <span class='ocr_line' id='line_1_48' title="bbox 98 3779 1250 3853; baseline 0.005 -22"><span class='ocrx_word' id='word_1_501' title='bbox 98 3779 291 3848; x_wconf 77' lang='grc' dir='ltr'>συγκλείσαντα</span> <span class='ocrx_word' id='word_1_502' title='bbox 311 3783 404 3842; x_wconf 86' lang='grc' dir='ltr'>βαλεῖν</span> <span class='ocrx_word' id='word_1_503' title='bbox 423 3782 459 3836; x_wconf 84' lang='grc' dir='ltr'>είς</span> <span class='ocrx_word' id='word_1_504' title='bbox 478 3781 523 3849; x_wconf 82' lang='grc' dir='ltr'>τὴν</span> <span class='ocrx_word' id='word_1_505' title='bbox 541 3780 679 3837; x_wconf 87' lang='grc' dir='ltr'>θάλατταν.</span> <span class='ocrx_word' id='word_1_506' title='bbox 716 3781 943 3851; x_wconf 83' lang='grc' dir='ltr'>Προσενεχθείσης</span> <span class='ocrx_word' id='word_1_507' title='bbox 963 3784 992 3835; x_wconf 81' lang='grc' dir='ltr'>δέ</span> <span class='ocrx_word' id='word_1_508' title='bbox 1010 3785 1054 3850; x_wconf 77' lang='grc' dir='ltr'>τῆς</span> <span class='ocrx_word' id='word_1_509' title='bbox 1072 3781 1250 3853; x_wconf 75' lang='grc' dir='ltr'>λάρνακοςτῇ</span> 
     </span>
     <span class='ocr_line' id='line_1_49' title="bbox 97 3848 1249 3922; baseline 0.004 -21"><span class='ocrx_word' id='word_1_510' title='bbox 97 3848 175 3921; x_wconf 72' lang='grc' dir='ltr'>Δήλῳ</span> <span class='ocrx_word' id='word_1_511' title='bbox 187 3852 269 3903; x_wconf 89' lang='grc' dir='ltr'>τεκεῖν</span> <span class='ocrx_word' id='word_1_512' title='bbox 282 3849 375 3921; x_wconf 78' lang='grc' dir='ltr'>άρῤενα</span> <span class='ocrx_word' id='word_1_513' title='bbox 392 3852 433 3906; x_wconf 74' lang='grc' dir='ltr'>καὶ</span> <span class='ocrx_word' id='word_1_514' title='bbox 451 3855 664 3922; x_wconf 85' lang='grc' dir='ltr'>προσαγορεῦσαι</span> <span class='ocrx_word' id='word_1_515' title='bbox 681 3853 711 3906; x_wconf 85' lang='grc' dir='ltr'>τὸ</span> <span class='ocrx_word' id='word_1_516' title='bbox 727 3853 938 3907; x_wconf 78' lang='grc' dir='ltr'>παιδίονἈνιον.</span> <span class='ocrx_word' id='word_1_517' title='bbox 974 3852 1026 3921; x_wconf 83' lang='grc' dir='ltr'>Τὴν</span> <span class='ocrx_word' id='word_1_518' title='bbox 1039 3853 1066 3906; x_wconf 80' lang='grc' dir='ltr'>δὲ</span> <span class='ocrx_word' id='word_1_519' title='bbox 1079 3851 1152 3906; x_wconf 87' lang='grc' dir='ltr'>Ῥοιὼ</span> <span class='ocrx_word' id='word_1_520' title='bbox 1165 3874 1249 3921; x_wconf 91' lang='grc' dir='ltr'>παρα·</span> 
     </span>
     <span class='ocr_line' id='line_1_50' title="bbox 97 3919 1249 3991; baseline 0.003 -19"><span class='ocrx_word' id='word_1_521' title='bbox 97 3919 180 3986; x_wconf 84' lang='grc' dir='ltr'>δόξως</span> <span class='ocrx_word' id='word_1_522' title='bbox 204 3920 336 3975; x_wconf 86' lang='grc' dir='ltr'>σωθεῖσαν</span> <span class='ocrx_word' id='word_1_523' title='bbox 358 3921 486 3975; x_wconf 90' lang='grc' dir='ltr'>ἀναθεῖναι</span> <span class='ocrx_word' id='word_1_524' title='bbox 510 3923 540 3976; x_wconf 85' lang='grc' dir='ltr'>τὸ</span> <span class='ocrx_word' id='word_1_525' title='bbox 564 3923 666 3991; x_wconf 88' lang='grc' dir='ltr'>βρέφος</span> <span class='ocrx_word' id='word_1_526' title='bbox 690 3922 733 3977; x_wconf 82' lang='grc' dir='ltr'>ἐπὶ</span> <span class='ocrx_word' id='word_1_527' title='bbox 756 3925 801 3977; x_wconf 84' lang='grc' dir='ltr'>τόν</span> <span class='ocrx_word' id='word_1_528' title='bbox 825 3924 913 3990; x_wconf 85' lang='grc' dir='ltr'>βωμὸν</span> <span class='ocrx_word' id='word_1_529' title='bbox 937 3927 983 3978; x_wconf 84' lang='grc' dir='ltr'>τοῦ</span> <span class='ocrx_word' id='word_1_530' title='bbox 1006 3921 1182 3989; x_wconf 88' lang='grc' dir='ltr'>Ἀπόλλωνος,</span> <span class='ocrx_word' id='word_1_531' title='bbox 1207 3924 1249 3976; x_wconf 79' lang='grc' dir='ltr'>καὶ</span> 
     </span>
     <span class='ocr_line' id='line_1_51' title="bbox 96 3990 1248 4065; baseline 0.003 -22"><span class='ocrx_word' id='word_1_532' title='bbox 96 3990 255 4060; x_wconf 87' lang='grc' dir='ltr'>ἐπεύξασθαι</span> <span class='ocrx_word' id='word_1_533' title='bbox 278 3992 315 4062; x_wconf 78' lang='grc' dir='ltr'>τῴ</span> <span class='ocrx_word' id='word_1_534' title='bbox 339 3992 398 4065; x_wconf 72' lang='grc' dir='ltr'>θεῷ,</span> <span class='ocrx_word' id='word_1_535' title='bbox 422 3993 445 4045; x_wconf 85' lang='grc' dir='ltr'>εί</span> <span class='ocrx_word' id='word_1_536' title='bbox 468 3993 542 4046; x_wconf 83' lang='grc' dir='ltr'>ἔστιν</span> <span class='ocrx_word' id='word_1_537' title='bbox 565 3994 595 4060; x_wconf 85' lang='grc' dir='ltr'>ἐξ</span> <span class='ocrx_word' id='word_1_538' title='bbox 619 3993 724 4059; x_wconf 90' lang='grc' dir='ltr'>ἐκείνου,</span> <span class='ocrx_word' id='word_1_539' title='bbox 749 3995 841 4059; x_wconf 82' lang='grc' dir='ltr'>σώζειν</span> <span class='ocrx_word' id='word_1_540' title='bbox 865 3994 935 4048; x_wconf 84' lang='grc' dir='ltr'>αὐτό.</span> <span class='ocrx_word' id='word_1_541' title='bbox 972 3993 1022 4046; x_wconf 85' lang='grc' dir='ltr'>Τόν</span> <span class='ocrx_word' id='word_1_542' title='bbox 1046 3991 1067 4045; x_wconf 88' lang='grc' dir='ltr'>δ’</span> <span class='ocrx_word' id='word_1_543' title='bbox 1092 3990 1248 4046; x_wconf 86' lang='grc' dir='ltr'>Ἀπόλλωνα</span> 
     </span>
     <span class='ocr_line' id='line_1_52' title="bbox 96 4061 1249 4134; baseline 0.005 -21"><span class='ocrx_word' id='word_1_544' title='bbox 96 4061 275 4133; x_wconf 84' lang='grc' dir='ltr'>μυθολογοῦσι</span> <span class='ocrx_word' id='word_1_545' title='bbox 293 4065 352 4117; x_wconf 88' lang='grc' dir='ltr'>τότε</span> <span class='ocrx_word' id='word_1_546' title='bbox 368 4065 415 4131; x_wconf 82' lang='grc' dir='ltr'>μέν</span> <span class='ocrx_word' id='word_1_547' title='bbox 432 4061 531 4134; x_wconf 71' lang='grc' dir='ltr'>κρύψαι</span> <span class='ocrx_word' id='word_1_548' title='bbox 549 4064 579 4117; x_wconf 83' lang='grc' dir='ltr'>τά</span> <span class='ocrx_word' id='word_1_549' title='bbox 596 4064 708 4125; x_wconf 89' lang='grc' dir='ltr'>παιδίον,</span> <span class='ocrx_word' id='word_1_550' title='bbox 727 4061 879 4134; x_wconf 83' lang='grc' dir='ltr'>ὕστερονδὲ</span> <span class='ocrx_word' id='word_1_551' title='bbox 896 4064 1075 4132; x_wconf 89' lang='grc' dir='ltr'>φροντίσαντα</span> <span class='ocrx_word' id='word_1_552' title='bbox 1091 4065 1136 4129; x_wconf 78' lang='grc' dir='ltr'>τῆς</span> <span class='ocrx_word' id='word_1_553' title='bbox 1147 4065 1249 4130; x_wconf 72' lang='grc' dir='ltr'>τροφῆς</span> 
     </span>
     <span class='ocr_line' id='line_1_53' title="bbox 96 4131 1248 4206; baseline 0.004 -22"><span class='ocrx_word' id='word_1_554' title='bbox 96 4131 198 4199; x_wconf 82' lang='grc' dir='ltr'>διδάξαι</span> <span class='ocrx_word' id='word_1_555' title='bbox 216 4132 262 4200; x_wconf 78' lang='grc' dir='ltr'>τὴν</span> <span class='ocrx_word' id='word_1_556' title='bbox 281 4134 410 4202; x_wconf 77' lang='grc' dir='ltr'>μαντικὴν,</span> <span class='ocrx_word' id='word_1_557' title='bbox 431 4134 472 4188; x_wconf 91' lang='grc' dir='ltr'>καί</span> <span class='ocrx_word' id='word_1_558' title='bbox 490 4156 560 4190; x_wconf 90' lang='grc' dir='ltr'>τινας</span> <span class='ocrx_word' id='word_1_559' title='bbox 581 4133 649 4206; x_wconf 71' lang='grc' dir='ltr'>αὐτῷ</span> <span class='ocrx_word' id='word_1_560' title='bbox 667 4133 824 4203; x_wconf 88' lang='grc' dir='ltr'>περιτιθέναι</span> <span class='ocrx_word' id='word_1_561' title='bbox 841 4135 957 4204; x_wconf 90' lang='grc' dir='ltr'>μεγάλας</span> <span class='ocrx_word' id='word_1_562' title='bbox 975 4134 1058 4202; x_wconf 90' lang='grc' dir='ltr'>τιμάς.</span> <span class='ocrx_word' id='word_1_563' title='bbox 1088 4134 1139 4187; x_wconf 88' lang='grc' dir='ltr'>Τὰς</span> <span class='ocrx_word' id='word_1_564' title='bbox 1157 4133 1184 4185; x_wconf 82' lang='grc' dir='ltr'>δέ</span> <span class='ocrx_word' id='word_1_565' title='bbox 1203 4135 1248 4200; x_wconf 72' lang='grc' dir='ltr'>τῆς</span> 
     </span>
     <span class='ocr_line' id='line_1_54' title="bbox 95 4202 1248 4274; baseline 0.002 -18"><span class='ocrx_word' id='word_1_566' title='bbox 95 4202 242 4272; x_wconf 88' lang='grc' dir='ltr'>φθαρείσης</span> <span class='ocrx_word' id='word_1_567' title='bbox 262 4204 379 4274; x_wconf 87' lang='grc' dir='ltr'>ἀδελφὰς</span> <span class='ocrx_word' id='word_1_568' title='bbox 403 4204 559 4259; x_wconf 92' lang='grc' dir='ltr'>Μολπαδίαν</span> <span class='ocrx_word' id='word_1_569' title='bbox 583 4206 624 4257; x_wconf 82' lang='grc' dir='ltr'>καὶ</span> <span class='ocrx_word' id='word_1_570' title='bbox 649 4202 783 4274; x_wconf 90' lang='grc' dir='ltr'>Παρθένον</span> <span class='ocrx_word' id='word_1_571' title='bbox 806 4204 992 4273; x_wconf 91' lang='grc' dir='ltr'>φυλαττούσας</span> <span class='ocrx_word' id='word_1_572' title='bbox 1015 4205 1061 4258; x_wconf 85' lang='grc' dir='ltr'>τὸν</span> <span class='ocrx_word' id='word_1_573' title='bbox 1084 4205 1130 4256; x_wconf 84' lang='grc' dir='ltr'>τοῦ</span> <span class='ocrx_word' id='word_1_574' title='bbox 1151 4205 1248 4274; x_wconf 86' lang='grc' dir='ltr'>πατρὸς</span> 
     </span>
     <span class='ocr_line' id='line_1_55' title="bbox 96 4268 1248 4345; baseline 0.003 -20"><span class='ocrx_word' id='word_1_575' title='bbox 96 4268 173 4341; x_wconf 80' lang='grc' dir='ltr'>οἶνον,</span> <span class='ocrx_word' id='word_1_576' title='bbox 192 4276 353 4343; x_wconf 89' lang='grc' dir='ltr'>προσφάτως</span> <span class='ocrx_word' id='word_1_577' title='bbox 372 4273 425 4329; x_wconf 90' lang='grc' dir='ltr'>κατ’</span> <span class='ocrx_word' id='word_1_578' title='bbox 443 4274 592 4345; x_wconf 84' lang='grc' dir='ltr'>ἀνθρώπους</span> <span class='ocrx_word' id='word_1_579' title='bbox 611 4274 756 4345; x_wconf 83' lang='grc' dir='ltr'>εὑρημένον,</span> <span class='ocrx_word' id='word_1_580' title='bbox 778 4274 814 4330; x_wconf 85' lang='grc' dir='ltr'>εἷς</span> <span class='ocrx_word' id='word_1_581' title='bbox 832 4273 912 4329; x_wconf 80' lang='grc' dir='ltr'>ὕπνον</span> <span class='ocrx_word' id='word_1_582' title='bbox 930 4273 1118 4343; x_wconf 76' lang='grc' dir='ltr'>κατενεχθῆναι·</span> <span class='ocrx_word' id='word_1_583' title='bbox 1144 4271 1198 4327; x_wconf 82' lang='grc' dir='ltr'>καθ’</span> <span class='ocrx_word' id='word_1_584' title='bbox 1218 4273 1248 4328; x_wconf 82' lang='grc' dir='ltr'>δν</span> 
     </span>
     <span class='ocr_line' id='line_1_56' title="bbox 95 4339 1247 4416; baseline 0.002 -19"><span class='ocrx_word' id='word_1_585' title='bbox 95 4344 127 4411; x_wconf 86' lang='grc' dir='ltr'>δὴ</span> <span class='ocrx_word' id='word_1_586' title='bbox 139 4346 227 4415; x_wconf 84' lang='grc' dir='ltr'>καιρόν</span> <span class='ocrx_word' id='word_1_587' title='bbox 239 4346 285 4400; x_wconf 81' lang='grc' dir='ltr'>τάς</span> <span class='ocrx_word' id='word_1_588' title='bbox 296 4349 457 4416; x_wconf 86' lang='grc' dir='ltr'>τρεφόμενος</span> <span class='ocrx_word' id='word_1_589' title='bbox 468 4348 528 4416; x_wconf 89' lang='grc' dir='ltr'>παρ’</span> <span class='ocrx_word' id='word_1_590' title='bbox 542 4347 630 4401; x_wconf 81' lang='grc' dir='ltr'>αὐτοῖς</span> <span class='ocrx_word' id='word_1_591' title='bbox 644 4345 673 4401; x_wconf 84' lang='grc' dir='ltr'>ὗς</span> <span class='ocrx_word' id='word_1_592' title='bbox 690 4345 827 4412; x_wconf 79' lang='grc' dir='ltr'>εἰσελθεῖν,</span> <span class='ocrx_word' id='word_1_593' title='bbox 845 4347 885 4398; x_wconf 84' lang='grc' dir='ltr'>καὶ</span> <span class='ocrx_word' id='word_1_594' title='bbox 901 4348 947 4399; x_wconf 91' lang='grc' dir='ltr'>τόν</span> <span class='ocrx_word' id='word_1_595' title='bbox 962 4367 990 4398; x_wconf 88' lang='grc' dir='ltr'>τε</span> <span class='ocrx_word' id='word_1_596' title='bbox 1007 4346 1101 4415; x_wconf 80' lang='grc' dir='ltr'>ἔχοντα</span> <span class='ocrx_word' id='word_1_597' title='bbox 1115 4345 1161 4398; x_wconf 84' lang='grc' dir='ltr'>τὸν</span> <span class='ocrx_word' id='word_1_598' title='bbox 1177 4339 1247 4399; x_wconf 82' lang='grc' dir='ltr'>οἶνον</span> 
     </span>
     <span class='ocr_line' id='line_1_57' title="bbox 96 4412 1247 4488; baseline 0.003 -20"><span class='ocrx_word' id='word_1_599' title='bbox 96 4416 207 4483; x_wconf 91' lang='grc' dir='ltr'>κέραμον</span> <span class='ocrx_word' id='word_1_600' title='bbox 225 4417 367 4487; x_wconf 72' lang='grc' dir='ltr'>συντρῖψαι</span> <span class='ocrx_word' id='word_1_601' title='bbox 388 4418 428 4469; x_wconf 86' lang='grc' dir='ltr'>καὶ</span> <span class='ocrx_word' id='word_1_602' title='bbox 446 4419 492 4471; x_wconf 86' lang='grc' dir='ltr'>τὸν</span> <span class='ocrx_word' id='word_1_603' title='bbox 510 4412 578 4471; x_wconf 85' lang='grc' dir='ltr'>οἶνον</span> <span class='ocrx_word' id='word_1_604' title='bbox 597 4417 752 4488; x_wconf 90' lang='grc' dir='ltr'>διαφθεῖραι.</span> <span class='ocrx_word' id='word_1_605' title='bbox 789 4417 840 4472; x_wconf 85' lang='grc' dir='ltr'>Τὰς</span> <span class='ocrx_word' id='word_1_606' title='bbox 858 4417 886 4470; x_wconf 82' lang='grc' dir='ltr'>δὲ</span> <span class='ocrx_word' id='word_1_607' title='bbox 904 4414 1046 4487; x_wconf 90' lang='grc' dir='ltr'>παρθένους</span> <span class='ocrx_word' id='word_1_608' title='bbox 1063 4414 1196 4486; x_wconf 87' lang='grc' dir='ltr'>μαθούσας</span> <span class='ocrx_word' id='word_1_609' title='bbox 1216 4418 1247 4471; x_wconf 87' lang='grc' dir='ltr'>τὸ</span> 
     </span>
     <span class='ocr_line' id='line_1_58' title="bbox 95 4485 1246 4559; baseline 0.004 -21"><span class='ocrx_word' id='word_1_610' title='bbox 95 4488 211 4556; x_wconf 87' lang='grc' dir='ltr'>γεγονός,</span> <span class='ocrx_word' id='word_1_611' title='bbox 232 4489 271 4540; x_wconf 86' lang='grc' dir='ltr'>καὶ</span> <span class='ocrx_word' id='word_1_612' title='bbox 289 4485 453 4556; x_wconf 88' lang='grc' dir='ltr'>φοβηθείσας</span> <span class='ocrx_word' id='word_1_613' title='bbox 470 4491 500 4543; x_wconf 86' lang='grc' dir='ltr'>τὸ</span> <span class='ocrx_word' id='word_1_614' title='bbox 518 4488 649 4558; x_wconf 89' lang='grc' dir='ltr'>ἀπότομον</span> <span class='ocrx_word' id='word_1_615' title='bbox 666 4492 712 4546; x_wconf 84' lang='grc' dir='ltr'>,τοῦ</span> <span class='ocrx_word' id='word_1_616' title='bbox 730 4490 837 4558; x_wconf 90' lang='grc' dir='ltr'>πατρός,</span> <span class='ocrx_word' id='word_1_617' title='bbox 850 4490 944 4559; x_wconf 88' lang='grc' dir='ltr'>φυγεῖν</span> <span class='ocrx_word' id='word_1_618' title='bbox 959 4488 1002 4543; x_wconf 82' lang='grc' dir='ltr'>ε’πῖ</span> <span class='ocrx_word' id='word_1_619' title='bbox 1018 4489 1062 4542; x_wconf 84' lang='grc' dir='ltr'>τὸν</span> <span class='ocrx_word' id='word_1_620' title='bbox 1074 4487 1193 4558; x_wconf 77' lang='grc' dir='ltr'>αἰγιαλὸν</span> <span class='ocrx_word' id='word_1_621' title='bbox 1205 4490 1246 4543; x_wconf 79' lang='grc' dir='ltr'>καὶ</span> 
     </span>
    </p>
   </div>
   <div class='ocr_carea' id='block_1_3' title="bbox 0 0 1524 4988">
    <p class='ocr_par' dir='ltr' id='par_1_7' title="bbox 0 0 1524 4988">
     <span class='ocr_line' id='line_1_59' title="bbox 0 0 1524 4988; baseline 0 3"><span class='ocrx_word' id='word_1_622' title='bbox 0 0 1524 4988; x_wconf 95' lang='lat' dir='ltr'> </span> 
     </span>
    </p>
   </div>
  </div>
 </body>
</html>
