3038 4988
270 388 330 449 174
735 385 961 448 EXCVRSVS.

271 544 412 615 plicantur
423 560 458 599 ex
469 544 540 598 Plu.
550 543 594 597 Al
606 541 635 597 ii.
644 543 752 613 Λέγεται
761 544 892 598 Φίλιππος
900 542 929 595 έν
937 541 1088 611 haeum
1099 538 1298 609 τῇὈλυμτιιὶδι
1307 563 1411 611 cupasq-

272 616 325 670 oete
336 614 413 669 αὐτόν
424 635 452 668 τε
464 617 595 683 μειράκων
605 615 642 667 ὃν
652 615 691 667 έτι
703 614 817 680 κάκείνης
829 614 922 668 παιδὸς
936 613 1053 682 ὀρφανῆς
1063 614 1160 682 γονέον
1170 612 1312 682 ἐρασθῆναι
1326 615 1365 666 καὶ
1376 616 1414 667 τὸν

271 683 660 811 etr...
676 754 1415 824 ...a

272 773 1416 966 snutenarrabaturtmmrsunurrann

273 968 413 1036 redibant,
426 979 457 1023 ut
473 968 562 1022 fusius
579 968 663 1022 docet
682 968 841 1022 Lobeckius
853 969 994 1037 Aglaoph.
1011 984 1038 1036 p.
1056 981 1120 1021 1221
1135 984 1197 1037 sqq.
1210 984 1246 1021 ex
1266 967 1358 1021 Strab.
1374 966 1416 1034 198

272 1037 365 1105 Ὀμοῖα
376 1041 432 1094 τοῖς
442 1039 471 1092 έν
483 1039 635 1107 Σαμοθράκῃ
649 1040 709 1107 περὶ
724 1040 771 1106 τὴν
784 1039 921 1106 Δημήτραν
932 1039 974 1091 καὶ
985 1039 1032 1105 τὴν
1044 1040 1130 1107 Κόρην
1142 1039 1317 1106 έεροτοιεῖται,
1330 1038 1417 1091 Schol.

273 1111 328 1178 Ap.
343 1111 377 1164 R
391 1109 410 1162 i.
422 1123 474 1178 917
487 1113 617 1162 Macrinus
630 1108 659 1163 δὲ
675 1110 704 1162 έν
718 1110 750 1176 τῇ
766 1108 918 1178 Σαμοθράκῃ
934 1111 989 1164 τοῖς
1005 1111 1151 1178 Καβείροις,
1162 1109 1198 1162 ὥς
1210 1108 1334 1162 Μνασέας
1347 1108 1417 1176 φησί.

274 1199 325 1252 irat
336 1198 368 1251 τὸ
380 1197 493 1266 ὀνόματα
505 1184 615 1251 αἰτόνῧ
626 1198 672 1250 τὸν
682 1195 801 1266 ἆριθμθν,
813 1197 929 1265 ’Δξέεροο
939 1195 1093 1265 ’Δξιόκερσα
1103 1195 1281 1265 Ἀξιόκερσος.
1309 1193 1419 1265 Ἀξέιροι

273 1270 321 1338 μέν
332 1266 378 1322 οὖν
389 1268 462 1321 έστιν
474 1266 490 1335 ἦ
500 1267 630 1336 Δημήτηρ,
642 1265 796 1336 Ἀξιόκερσα
811 1267 839 1320 δέ
852 1267 868 1334 ἡ
880 1269 1046 1336 Περσεφόνη,
1056 1266 1223 1336 ’Δξιόκερσος
1238 1267 1268 1319 δέ
1284 1264 1419 1332 sathiel

275 1340 303 1393 δέ
315 1338 518 1408 προστιθέμενος
535 1338 656 1408 τέταρτος
668 1339 804 1405 Κάσμιλος
818 1336 940 1407 ὁἘρμῆο
957 1337 1056 1392 ἔστιν*
1093 1340 1194 1408 Itaque
1210 1337 1346 1407 elpomxoe
1357 1336 1419 1390 dicit

274 1416 378 1482 poeta:
404 1409 511 1464 ‘multa
534 1419 565 1464 tu
589 1408 713 1479 quidem,
734 1408 890 1479 Olympias,
910 1409 1107 1476 mysteriorum
1125 1425 1160 1462 ac
1180 1407 1292 1462 Cereris
1310 1406 1419 1460 nomine

274 1481 402 1536 tadnora
413 1490 550 1549 patratas,
563 1480 649 1550 idque
666 1490 791 1533 secreto:
815 1481 871 1534 hoc
888 1496 1009 1545 sacrum,
1021 1496 1078 1549 quo
1095 1478 1196 1533 initiati
1210 1489 1238 1533 te
1251 1478 1419 1545 occiderunt,

237 1584 241 1589 -
274 1569 333 1607 non
347 1552 404 1606 iam
417 1550 653 1604 dissimulandum
670 1550 731 1619 erit,
744 1550 796 1606 sed
810 1551 906 1620 palam
925 1550 1138 1619 enuntiandum,
1151 1567 1217 1605 cum
1228 1559 1329 1604 auctor
1341 1559 1370 1603 tu
1383 1557 1419 1603 tot

274 1623 432 1678 facinorum
444 1621 589 1676 moriaris)

311 1695 338 1748 6.
357 1693 405 1748 Sic
424 1692 448 1746 si
470 1692 669 1762 interpreteris,
688 1708 745 1745 non
766 1692 896 1746 turbatur
916 1692 987 1746 ordo
1007 1708 1149 1746 uersuum.
1187 1692 1295 1746 Contra
1317 1689 1419 1744 sicum

275 1763 418 1890 plerisque
430 1776 491 1832 305,
503 1764 521 1817 6
539 1764 576 1817 de
590 1763 747 1817 Laodamia
764 1763 825 1817 siue
839 1763 1001 1829 Deidamia,
1014 1776 1074 1830 307,
1088 1764 1104 1816 8
1121 1763 1158 1817 de
1173 1762 1283 1832 Pyrrho
1297 1764 1326 1815 Il
1346 1761 1420 1815 intel·

276 1853 365 1961 liii
375 1833 1421 1975 manumittat’effnluldmlhrssaapulll

276 1992 337 2046 307,
350 1977 402 2045 308
419 1976 456 2029 ad
475 1976 604 2030 eiusdem
616 1975 715 2045 Pyrrhi
733 1986 877 2044 nepotem.
913 1977 951 2029 Et
968 1991 1004 2028 ne
1022 1975 1078 2029 hoc
1096 1974 1211 2044 quidem
1227 1973 1283 2027 nisi
1300 1972 1421 2027 admisso

276 2065 370 2103 errore
383 2048 428 2101 fit:
445 2063 513 2101 nam
526 2057 556 2100 ut
570 2047 678 2114 Pyrrho
692 2048 800 2114 Magno
813 2047 870 2100 filia
883 2045 1037 2101 Deidamia
1048 2045 1108 2099 siue
1119 2044 1277 2099 Laodamia
1288 2044 1380 2109 fuerit,
1391 2060 1422 2097 ex

276 2135 334 2173 uno
350 2118 413 2171 loco
428 2117 528 2171 lustini
541 2117 633 2171 xxviii.
647 2132 663 2184 3
676 2116 793 2170 elicitur.
831 2117 887 2186 Qui
906 2134 971 2171 cum
990 2116 1067 2170 dicat
1085 2133 1119 2170 ex
1137 2126 1222 2184 gente
1239 2114 1320 2184 regia
1336 2115 1421 2168 solam

277 2188 432 2243 Nereidem
449 2187 587 2257 uirginem
606 2205 671 2241 cum
691 2187 848 2242 Laodamia
866 2205 962 2242 sorore
980 2185 1188 2256 superfuisse,e
1205 2185 1308 2256 quibus
1325 2183 1421 2239 Nereis

276 2260 365 2313 nubat
379 2259 490 2326 Geloni,
504 2258 660 2312 laodamia
672 2276 690 2313 a
702 2259 807 2327 populo
819 2258 968 2313 interfecta
979 2258 1024 2326 sit,
1036 2257 1191 2312 Pausanias
1204 2265 1301 2311 autem
1313 2255 1349 2310 vi.
1362 2270 1401 2323 13.
1407 2267 1421 2321 3

276 2341 305 2385 et
326 2329 460 2398 Polybius
479 2329 527 2384 vii.
545 2344 570 2395 4
593 2341 607 2398 5
628 2330 766 2398 Pyrrhum
792 2331 832 2384 M.
852 2330 939 2384 filiam
965 2328 1119 2384 Nereidem
1144 2327 1247 2382 Geloni
1272 2329 1421 2381 collocasse

276 2400 400 2467 tradant,
422 2399 593 2454 concludunt
616 2401 724 2468 Pyrrho
745 2400 864 2454 alteram
888 2401 975 2455 filiam
1001 2397 1186 2453 Laodamiam
1207 2397 1303 2452 fuisse
1340 2394 1421 2466 Atqui

278 2471 389 2526 Iustino
402 2471 504 2525 Nereis
517 2481 545 2525 et
559 2470 716 2524 Laodamia
732 2472 810 2525 solae
826 2488 861 2525 ex
875 2482 960 2540 gente
976 2470 1055 2539 regia
1067 2470 1249 2539 Epirotarum
1262 2475 1422 2538 supererant

276 2553 342 2612 post
364 2541 526 2597 interlectos
548 2541 741 2595 Ptolemaeum
765 2551 794 2596 et
816 2543 954 2610 Pyrrhum
974 2540 1072 2610 Pyrrhi
1094 2542 1134 2595 M.
1156 2549 1298 2609 nepotes;
1325 2537 1422 2608 quibus

277 2612 395 2666 mortuis
408 2623 436 2667 et
453 2623 543 2666 matre
561 2611 739 2693 Olympiade,
752 2613 793 2665 sic
807 2613 920 2666 demum
937 2611 1037 2667 Geloni
1050 2611 1131 2665 nubit
1145 2610 1256 2678 Nereis,
1272 2608 1423 2664 laodamia

278 2683 451 2739 interficitur.
471 2685 571 2753 Itaque
586 2683 710 2748 Iustinus
720 2699 777 2736 non
788 2683 887 2751 Pyrrhi
897 2685 937 2737 M.
946 2683 1018 2736 filias
1029 2682 1183 2736 Nereidem
1192 2692 1221 2735 et
1232 2679 1422 2746 Laodamiam,

278 2754 330 2808 sed
355 2755 444 2809 multo
468 2751 632 2808 recentioris
657 2753 764 2821 habuit,
784 2752 870 2807 credo
890 2753 989 2822 Pyrrhi
1012 2754 1040 2807 ΙΙ
1064 2752 1109 2807 cui
1134 2752 1220 2807 filiam
1243 2749 1422 2806 Deidamian

279 2824 436 2879 Pausanias
455 2823 490 2878 iv.
510 2836 551 2892 35.
572 2838 588 2891 3
606 2823 712 2890 tribuit,
731 2823 866 2894 additque
886 2841 958 2893 eam,
978 2841 1042 2878 cum
1061 2822 1144 2878 fuerit
1163 2823 1225 2877 sine
1243 2822 1349 2889 liberis,
1367 2836 1422 2874 rem

278 2895 460 2965 Epirotarum
478 2895 583 2965 populo
602 2893 799 2949 demandasse.
838 2897 901 2950 Nec
919 2906 1015 2949 tamen
1030 2893 1135 2949 infitior
1152 2892 1279 2963 potuisse
1292 2891 1422 2947 Ouidium

277 2965 319 3020 sic
336 2983 438 3034 errare,
455 2982 519 3020 cum
531 2965 668 3018 Aeacides
683 2965 805 3035 Pyrrhus
826 2967 866 3020 M.
885 2982 943 3019 non
962 2967 1050 3019 semel
1068 2975 1185 3019 uocatus
1204 2964 1249 3032 sit,
1265 2963 1313 3034 qui
1333 2973 1422 3017 autern

271 3037 419 3104 ,Aeacides
437 3052 505 3090 uero
523 3034 639 3089 nomine
656 3035 717 3103 fuit,
730 3045 758 3090 et
776 3045 875 3090 natam
892 3035 1075 3092 Deidamiarn
1093 3034 1190 3089 habuit
1204 3033 1304 3102 (Diod.
1316 3033 1370 3087 xvi
1384 3046 1422 3099 72,

278 3107 332 3162 xix.
348 3106 391 3175 35)
405 3107 441 3161 ab
455 3106 561 3161 Ouidio
577 3105 728 3175 significari
746 3116 876 3176 nequeat,
890 3106 951 3162 siue
967 3107 1044 3176 quod
1061 3108 1133 3160 haec
1146 3103 1301 3159 Deidamia
1318 3103 1423 3168 morbo,

277 3194 336 3231 non
349 3177 385 3247 ui,
398 3177 481 3247 periit
495 3177 577 3246 (Plut.
590 3178 703 3231 Demet.
713 3177 806 3245 xxxii),
817 3177 877 3232 siue
890 3177 967 3247 quod
979 3177 1062 3231 huius
1075 3175 1219 3231 Aeacidae
1231 3192 1322 3244 nepos
1335 3175 1422 3228 nullus

277 3265 389 3302 ueneno
398 3247 553 3303 exstinctus
566 3247 675 3302 dicitur.
695 3247 754 3301 Sed
766 3257 842 3303 esto:
860 3265 917 3301 non
930 3247 972 3301 sic
984 3247 1082 3302 errarit
1094 3253 1187 3316 po'e'ta,
1197 3246 1250 3300 sed
1258 3244 1422 3300 Aeacidae

277 3330 388 3374 natam
402 3317 568 3373 intellexerit
578 3317 677 3386 Pyrrhi
689 3319 718 3371 II
732 3317 917 3372 Laodamiam
929 3317 990 3373 siue
1000 3334 1056 3388 quo
1066 3317 1121 3372 alio
1130 3317 1246 3371 nomine
1258 3334 1312 3372 usa
1320 3325 1379 3371 est:
1397 3322 1423 3368 at

277 3390 395 3444 restabit
405 3405 461 3443 non
472 3388 566 3442 minus
575 3388 715 3457 explicatu
728 3387 850 3457 difficile,
861 3389 1005 3459 quomodo
1018 3388 1098 3442 dicti
1112 3387 1209 3441 modo
1222 3404 1257 3441 re
1262 3387 1314 3457 gis
1324 3403 1382 3441 non
1389 3382 1423 3439 ad

277 3461 404 3530 proxime
417 3459 635 3531 praecedentem
648 3455 818 3514 Aeaciden
832 3460 858 3513 h.
869 3477 892 3514 e.
904 3460 1043 3528 Pyrrhum
1052 3461 1081 3512 II
1092 3459 1236 3526 referatur,
1247 3459 1299 3512 sed
1312 3458 1350 3513 ad
1363 3471 1423 3511 eum

277 3531 357 3585 cuius
370 3547 419 3584 sex
432 3519 642 3584 anteirersibus
661 3530 834 3584 mentionem
851 3529 926 3598 fecit,
938 3530 1102 3584 Achilliden
1114 3529 1141 3583 h.
1150 3546 1175 3583 e.
1189 3529 1329 3598 Pyrrhum
1344 3530 1423 3594 Mag·

269 3614 369 3655 num.
393 3602 470 3654 Nam
488 3600 534 3654 hic
552 3600 622 3654 ordo
640 3600 744 3669 euadit,
762 3600 885 3670 Pyrrhus
900 3603 949 3670 M.,
964 3603 1086 3670 Pyrrhus
1098 3598 1217 3654 Achillis
1235 3600 1263 3669 f,
1278 3599 1378 3670 Pyrrhi
1396 3597 1422 3651 ΙΙ

277 3669 343 3740 filia,
358 3671 479 3738 Pyrrhus
494 3673 523 3724 ll
538 3669 608 3740 ipse.
644 3671 757 3741 Ecquid
768 3671 886 3726 futtilius
899 3671 1026 3742 magisue
1038 3671 1274 3741 praeposterum?

312 3741 360 3795 Ad
371 3743 441 3809 809,
453 3743 518 3796 310.
537 3743 601 3796 Aut
620 3741 725 3811 piare
744 3759 841 3796 caeso
859 3741 989 3797 dicatur
1007 3742 1167 3809 adultera,
1186 3739 1272 3795 sicut

573 3813 643 3881 Qua
661 3812 783 3867 cecidit
805 3814 934 3867 Leucon
952 3812 1085 3867 uindice
1104 3811 1193 3866 dicta
1212 3811 1309 3880 piast.

313 3881 380 3936 Dixi
402 3899 452 3936 cur
470 3881 646 3937 Scholiastae
665 3899 722 3937 non
741 3882 905 3953 adstipulor‚
927 3885 1087 3939 Leuconem
1111 3898 1208 3952 regern
1228 3883 1423 3952 Bosporanum

276 3951 428 4022 significari
442 3973 450 4019 ;
467 3970 535 4008 nam
547 3952 594 4007 hic
606 3963 634 4008 et
650 3953 687 4007 ad
703 3962 878 4008 senectutem
890 3954 1021 4024 produxit
1033 3953 1185 4024 ,imperium
1202 3969 1256 4006 nec
1274 3952 1424 4023 quicquam

276 4024 312 4078 de
325 4023 463 4078 adulterio
476 4023 536 4080 eius
549 4040 602 4078 nec
616 4023 651 4079 de
664 4034 754 4080 morte
768 4041 840 4106 quae
853 4023 883 4078 id
895 4026 954 4080 ulta
967 4025 1002 4080 sit
1015 4025 1052 4079 ab
1062 4023 1185 4094 antiquis
1198 4022 1326 4078 traditur.

311 4094 392 4149 Alius
418 4095 557 4150 Leuconis
583 4094 689 4164 (Schol.
716 4096 748 4150 Il.
772 4111 799 4151 11.
824 4094 887 4165 649)
913 4096 974 4152 siue
1000 4095 1086 4151 Leuci
1115 4103 1192 4151 extat
1216 4093 1357 4151 memoria
1380 4109 1422 4164 ap.

276 4164 401 4236 Lycoph.
418 4177 583 4236 1214-1225.

309 4323 323 4356 *
340 4321 377 4367 Ad
389 4321 524 4369 cabirorum
537 4329 561 4369 et
573 4321 660 4369 Cereris
674 4321 739 4370 initia
752 4337 800 4370 non
815 4322 896 4370 iniuria
911 4322 994 4370 referas
1009 4322 1071 4384 quod
1087 4322 1147 4369 idem
1160 4319 1296 4369 Plutarchus
1313 4321 1383 4369 tradit
1397 4319 1424 4366 de

275 4395 380 4447 serpente
397 4387 436 4448 qui
452 4385 587 4448 Olympiadi
604 4388 736 4435 accubuerit
754 4388 801 4448 (Al.
816 4389 851 4448 ii),
869 4390 938 4436 etde
955 4389 1081 4436 mansuetis
1098 4389 1210 4450 anguibus
1227 4402 1284 4449 quos
1302 4386 1385 4449 thyrsis
1401 4392 1424 4432 et

274 4451 513 4565 cirtistbsatcciqantium
530 4453 694 4518 circumplicati
711 4454 835 4503 instituerit
843 4470 850 4511 5
871 4469 925 4502 nam
940 4465 1053 4517 serpentes
1068 4451 1199 4516 Δήμητρος
1212 4449 1365 4515 ἀμφιπόλους
1378 4466 1424 4499 me·

275 4531 340 4565 mora
388 4531 413 4564 ra
430 4529 512 4582 0394.
