3082 4980
219 401 266 459 xiv
673 396 916 458 PRAEFATIO.

220 559 414 627 Burmannus,
425 557 542 633 propria
553 556 694 615 nonnulla
706 557 818 628 adiecit,
828 575 923 634 neque
934 574 969 614 ea
979 555 1097 632 grandis
1107 556 1199 632 pretii,
1208 555 1310 614 saltem
1321 557 1372 614 ubi

220 654 257 712 de
277 670 356 711 nouo
372 669 417 709 res
432 650 612 728 exploranda
631 650 691 711 fuit.
734 651 837 728 Itaque
851 668 1053 728 quaecumque
1072 649 1167 710 fabula
1182 649 1371 727 Saluagnium

220 747 365 817 fefellerat,
381 744 479 804 feselht
495 745 583 803 etiam
598 745 807 805 Burmannum.
849 745 897 804 Ne
912 744 1071 804 Merkelius
1084 745 1212 822 quidem,
1228 745 1277 821 qui
1292 762 1372 805 anno

224 845 299 917 1837
316 840 408 918 Ibidis
421 849 532 898 textum
550 857 586 897 ex
602 839 751 899 codicibus
767 840 834 915 plus
848 839 950 916 uiginti
964 839 1062 911 edidit,
1077 857 1203 916 quorum
1215 839 1371 899 Vindobo-

221 953 344 995 nensem
364 933 522 993 Mauricius
541 932 697 1010 Hauptius,
716 933 918 1009 Askeuianum
940 935 1002 1010 ipse
1021 933 1192 1004 contulerat,
1209 934 1372 1010 interpretis

221 1047 350 1099 munere,
372 1028 424 1087 sed
445 1026 533 1086 critici
553 1026 757 1087 tantummodo
778 1017 948 1104 plerumque
968 1027 1084 1087 iunctus
1105 1036 1157 1097 est,
1179 1027 1232 1086 etsi
1254 1037 1372 1104 propter

222 1122 384 1183 doctrinam
394 1139 469 1198 quae
484 1121 514 1179 in
525 1139 562 1180 eo
573 1121 724 1197 singularis
738 1132 790 1195 est,
802 1122 906 1182 iudicia
916 1123 939 1181 si
954 1140 1013 1199 qua
1024 1121 1061 1181 de
1073 1121 1163 1180 Ibidis
1177 1121 1281 1182 fabulis
1296 1121 1370 1194 lecit,

222 1217 283 1276 siue
302 1217 332 1274 in
351 1224 490 1292 apparatu
506 1215 641 1274 codicum
658 1215 719 1275 siue
738 1216 768 1274 in
782 1215 954 1276 Prolusione
971 1234 1060 1294 quam
1076 1216 1197 1275 carmini
1216 1215 1371 1292 praemisit,

222 1329 346 1387 semper,
370 1319 401 1369 ut
429 1310 559 1379 decebat,
581 1311 666 1385 exegi
694 1310 951 1386 scrupulosissime.
996 1309 1112 1371 Scholia
1136 1319 1235 1370 tamen
1263 1319 1372 1380 uetera,

224 1404 424 1481 Saluagnianis
444 1404 608 1480 integriora,
623 1422 659 1462 ex
674 1404 844 1465 Askeuiano
863 1405 965 1466 codice
986 1405 1105 1481 protulit
1123 1405 1153 1463 in
1173 1404 1277 1475 lucem,
1291 1403 1372 1462 unde

222 1501 253 1558 in
266 1500 322 1558 hac
336 1499 462 1558 editione
476 1516 574 1558 rursus
590 1498 745 1575 publicaui,
760 1494 876 1558 conlata
890 1517 958 1559 cum
973 1499 1063 1558 altero
1078 1499 1180 1559 codice
1195 1499 1245 1576 qui
1259 1498 1289 1557 in
1301 1497 1372 1558 Col-

221 1593 298 1671 legio
313 1592 452 1669 Corporis
466 1591 572 1652 Christi
586 1591 663 1670 apud
677 1611 733 1652 nos
747 1602 834 1665 extat,
848 1594 1011 1670 turpissime
1030 1592 1077 1653 ille
1095 1593 1213 1671 quidem
1227 1591 1371 1665 foedatus,

222 1689 274 1748 sed
298 1697 330 1747 ut
350 1687 501 1765 pristinam
521 1687 650 1764 speciem
674 1687 850 1747 scholiorum
875 1688 986 1748 fidelius
1006 1684 1151 1747 interdum
1176 1695 1372 1764 repraesentet

221 1782 400 1842 Askeuiano.
441 1780 512 1839 Non
539 1781 719 1841 omittendus
747 1782 872 1859 denique
900 1792 944 1841 est
971 1782 1006 1841 A.
1031 1781 1147 1840 Riesius
1173 1781 1224 1859 qui
1251 1780 1371 1841 editioni

222 1876 453 1936 Tauchnitianae
467 1875 620 1935 nonnullas
635 1875 775 1935 lectiones
789 1894 826 1935 ex
841 1875 1071 1936 Francosurtano
1086 1875 1187 1936 codice
1202 1874 1357 1952 praemisit.

264 1971 294 2029 si
312 1971 377 2048 quis
393 1980 490 2029 autem
505 1969 627 2029 leuitatis
640 1988 688 2030 me
708 1971 832 2047 arguerit
846 1972 928 2048 quod
944 1970 1117 2047 opusculum
1137 1968 1187 2029 diu
1204 1969 1371 2046 neglectum

221 2083 318 2123 rursus
332 2064 518 2139 susceperim,
533 2063 624 2123 discat
638 2082 699 2124 non
715 2064 756 2124 sic
771 2065 808 2124 de
823 2065 908 2124 Ibide
924 2065 1066 2124 iudicasse
1085 2065 1159 2123 duos
1168 2064 1251 2124 uiros
1266 2063 1371 2142 quibus

221 2160 301 2219 haud
319 2159 379 2218 scio
401 2177 439 2218 an
460 2158 529 2216 nulli
550 2158 596 2218 uel
617 2159 735 2235 ingenio
757 2160 803 2219 uel
823 2161 955 2222 doctrina
975 2159 1199 2236 praestantiores
1216 2159 1370 2219 extiterint.

223 2253 270 2313 Sic
288 2253 366 2314 enim
380 2251 527 2311 Bentleius
548 2252 578 2310 in
600 2253 798 2317 dissertatione
814 2255 850 2314 de
865 2253 945 2314 Phal.
960 2254 1052 2331 Epist.
1066 2254 1084 2312 i.
1099 2273 1129 2332 p.
1147 2272 1205 2328 ²40
1219 2253 1263 2314 ed.
1279 2253 1370 2330 Dyce.

223 2347 298 2406 ‘But
311 2347 349 2406 he
364 2345 430 2406 asks
445 2365 502 2418 me,
517 2346 608 2405 utere
622 2348 654 2406 do
667 2345 767 2424 Ifind
779 2348 843 2406 thar
854 2339 996 2407 Phalaris
1010 2367 1072 2407 was
1086 2349 1174 2408 burnt
1185 2350 1215 2407 e'n
1228 2349 1275 2406 Iris
1289 2347 1371 2406 bullr'

222 2442 263 2518 (p.
281 2438 352 2518 133)
366 2440 381 2497 I
396 2440 457 2499 find
470 2441 493 2498 it
505 2441 536 2498 in
549 2439 650 2500 Ovid’s
664 2439 741 2500 Ibis:

371 2534 452 2610 thue
461 2537 558 2614 firox
578 2534 729 2608 Phalaris,
750 2537 849 2614 lingua
866 2538 949 2613 prens
969 2556 1029 2597 ense
1048 2545 1157 2609 resecta,

402 2628 486 2688 More
506 2630 591 2700 bourie,
612 2628 726 2706 Papirio
746 2632 858 2690 clausus
878 2634 908 2690 in
929 2651 990 2690 aere
1006 2651 1126 2709 gerens
1149 2627 1247 2713 [439].

110 2741 113 2749 “
219 2725 278 2784 and
290 2725 319 2783 in
334 2724 382 2784 the
397 2724 447 2783 old
461 2724 596 2784 schohast
607 2743 687 2801 upon
702 2725 752 2784 the
765 2726 860 2802 place;
880 2726 1024 2785 Phalarr's
1038 2728 1148 2801 ipsemet
1159 2733 1259 2785 resecta
1269 2726 1370 2802 lengun

219 2822 250 2878 in
265 2827 378 2878 taurum
392 2838 502 2877 aeneum
521 2822 654 2879 conr'ectus
674 2820 825 2879 ert—But
835 2822 868 2879 do
878 2841 939 2895 you
956 2820 1017 2880 take
1030 2831 1075 2898 up,
1090 2839 1155 2898 says
1170 2820 1225 2880 Mr.
1240 2820 1284 2892 B.,
1298 2819 1370 2878 with

218 2915 262 2973 tire
275 2913 386 2991 trrfling
398 2914 499 2972 author
508 2915 552 3003 vof
559 2914 602 2973 tire
616 2933 705 2973 verses
719 2925 789 2991 upon
804 2915 893 2974 Ibis?
915 2916 943 2973 A
957 2915 1027 2975 little
1041 2914 1123 2974 while
1138 2932 1204 2992 ag0,
1221 2913 1299 2973 Ouid
1308 2930 1370 2971 was
1466 2960 1468 2962 .

218 3028 265 3067 ane
279 3010 315 3087 os
328 3009 371 3067 the
387 3014 509 3085 greatest
525 3008 590 3068 rur'ts
606 3009 643 3087 (γ’
655 3009 699 3067 tire
712 3011 841 3083 ancients,
855 3011 915 3069 and
932 3030 965 3068 ns
981 3010 1062 3069 much
1081 3010 1163 3069 above
1176 3008 1323 3067 Manilius
1336 3025 1369 3065 as

218 3103 328 3163 Nireus
348 3120 409 3161 was
429 3103 593 3162 tauerner
613 3104 682 3162 than
699 3103 839 3163 Thersites
853 3102 894 3183 (p.
911 3101 971 3181 28).
1013 3103 1072 3164 But
1090 3121 1158 3163 now
1178 3103 1227 3162 the
1247 3102 1324 3162 wind
1345 3101 1369 3159 is

219 3197 353 3273 changed
372 3196 467 3274 again,
483 3197 542 3255 and
558 3197 657 3258 he'sa
674 3198 781 3275 trifling
799 3198 903 3259 author
924 3243 930 3257 .
955 3243 961 3258 .
983 3243 989 3258 .
1014 3242 1021 3257 .
1044 3197 1101 3258 But
1122 3198 1195 3273 why,
1211 3197 1225 3256 I
1240 3215 1320 3273 pray,
1335 3213 1368 3254 so

219 3310 317 3350 severe
329 3309 411 3368 upon
421 3290 513 3351 Ovidi
534 3292 600 3369 why
613 3302 691 3351 must
706 3294 744 3351 he
758 3293 832 3352 have
846 3311 887 3353 no
901 3293 991 3353 credit
1005 3294 1035 3351 in
1051 3311 1068 3352 a
1081 3302 1185 3352 matter
1199 3291 1235 3352 of
1244 3290 1368 3367 history?

220 3387 287 3446 Will
302 3388 359 3446 Mr.
374 3386 408 3445 B.
424 3387 580 3464 stigmatise
595 3387 656 3445 him
671 3387 716 3446 ior
735 3407 752 3445 a
769 3388 915 3446 lte-maier
929 3387 1127 3467 byprosession
1143 3389 1184 3463 (p.
1203 3383 1281 3463 164),
1297 3383 1369 3443 such

219 3501 251 3542 as
265 3483 302 3541 he
318 3480 478 3558 obligingly
493 3480 622 3540 declares
637 3481 673 3540 all
688 3488 765 3556 poets
781 3501 830 3540 are
843 3482 910 3541 akin
924 3486 975 3541 toi
1005 3480 1050 3543 Os
1066 3482 1103 3542 all
1120 3480 1168 3541 the
1182 3481 1296 3540 various
1311 3479 1369 3538 his-

218 3576 307 3636 tories
321 3575 383 3634 that
397 3593 445 3634 are
465 3575 594 3634 touched
613 3592 654 3634 on
675 3575 705 3632 in
721 3575 821 3636 Ovid's
836 3576 904 3650 Ibis,
920 3574 1024 3637 there's
1041 3585 1094 3637 not
1112 3593 1170 3635 one
1185 3577 1214 3634 in
1230 3574 1304 3652 sorty
1317 3575 1369 3632 but

218 3670 294 3730 what
304 3687 347 3728 we
358 3669 431 3728 have
445 3679 474 3727 at
488 3668 544 3727 this
555 3668 611 3745 day
622 3668 705 3729 other
718 3671 799 3746 good
814 3672 955 3732 vouchers
970 3671 1016 3730 for
1026 3670 1141 3729 besides
1156 3670 1205 3730 the
1215 3679 1285 3747 poet
1295 3669 1369 3726 him·

220 3764 280 3824 sels.
323 3764 402 3835 And,
417 3761 538 3822 without
551 3763 695 3839 question,
710 3764 746 3824 he
761 3764 819 3824 had
836 3766 955 3826 authors
970 3765 1015 3825 for
1030 3765 1079 3824 the
1093 3774 1159 3838 rest,
1174 3763 1287 3840 though
1301 3763 1369 3840 they

219 3878 268 3919 are
280 3869 332 3919 not
343 3875 410 3916 now
421 3857 545 3928 extant3'
560 3856 698 3934 additque
708 3878 744 3917 ex
755 3858 898 3920 Cicerone
913 3860 1011 3920 locum
1023 3859 1096 3939 (Off.
1106 3860 1133 3920 ii.
1144 3856 1176 3938 7)
1184 3876 1244 3936 quo
1256 3858 1370 3917 distichi

108 3974 111 3981 ·
219 3954 310 4013 Ibidis
328 3953 364 4012 de
380 3951 538 4011 Phalaridis
560 3963 643 4012 tauro
664 3954 815 4013 ueritatem
837 3955 997 4015 confirmet.
1042 3954 1113 4014 Non
1127 3955 1223 4012 minor
1236 3951 1369 4012 laudator

218 4049 252 4109 Β.
275 4050 311 4110 G.
333 4046 509 4107 Niebuhrius
533 4047 599 4106 lbin
623 4057 652 4106 et
675 4049 821 4108 lectitabat
845 4060 873 4110 et
898 4050 1070 4111 celebrabat.
1113 4048 1217 4126 Itaque
1241 4058 1269 4107 et
1294 4047 1369 4107 duos

217 4144 299 4205 locos
323 4145 525 4219 interpretatus
549 4152 601 4215 est,
625 4162 724 4218 3ο3-4
748 4144 784 4203 de
810 4154 1002 4204 monumento
1025 4143 1124 4220 Pyrrhi
1150 4141 1192 4201 M.
1215 4142 1308 4201 diruto
1331 4141 1369 4199 ab

217 4235 372 4314 Epirotis*
393 4255 452 4316 quo
474 4248 606 4314 tempore
625 4237 810 4297 Deidamiam
831 4257 949 4317 quoque
970 4239 1164 4300 interficerent
1182 4232 1319 4318 (305-6),
1341 4245 1370 4295 et

250 4397 265 4431 *
276 4395 362 4444 Eadem
373 4397 446 4445 fuerat
456 4398 568 4444 sententia
576 4382 707 4445 Casauhoni
716 4399 745 4444 ad
754 4399 847 4446 Sueton.
857 4398 910 4448 Tib.
919 4397 980 4461 54·A
985 4396 1091 4447 mlorum
1099 4397 1130 4445 sic
1139 4396 1243 4459 reliquiis
1251 4394 1368 4456 dispersis,

218 4467 244 4508 ut
256 4462 297 4509 uin
309 4464 441 4526 quandoque
452 4463 534 4526 colligi
545 4470 642 4523 possent.
679 4464 747 4512 ‘Fuit
765 4464 947 4512 saeuissimorum
964 4464 1084 4511 hominum
1102 4478 1160 4519 mos,
1173 4462 1276 4524 reliquias
1288 4474 1368 4507 eorum
