<?xml version="1.0" encoding="UTF-8"?>
<!DOCTYPE html PUBLIC "-//W3C//DTD XHTML 1.0 Transitional//EN"
    "http://www.w3.org/TR/xhtml1/DTD/xhtml1-transitional.dtd">
<html xmlns="http://www.w3.org/1999/xhtml" xml:lang="en" lang="en">
 <head>
  <title>
</title>
<meta http-equiv="Content-Type" content="text/html;charset=utf-8" />
  <meta name='ocr-system' content='tesseract 3.04.00' />
  <meta name='ocr-capabilities' content='ocr_page ocr_carea ocr_par ocr_line ocrx_word'/>
</head>
<body>
  <div class='ocr_page' id='page_1' title='image "./povidiinasonisi00ovidgoog_0246.png"; bbox 0 0 3038 4988; ppageno 0'>
   <div class='ocr_carea' id='block_1_1' title="bbox 594 383 1280 444">
    <p class='ocr_par' dir='ltr' id='par_1_1' title="bbox 594 383 1280 444">
     <span class='ocr_line' id='line_1_1' title="bbox 594 383 1280 444; baseline -0.001 -2"><span class='ocrx_word' id='word_1_1' title='bbox 594 383 820 444; x_wconf 88' lang='lat' dir='ltr'><strong>EXCVRSVS.</strong></span> <span class='ocrx_word' id='word_1_2' title='bbox 1224 387 1280 442; x_wconf 87' lang='grc'><strong>177</strong></span> 
     </span>
    </p>
   </div>
   <div class='ocr_carea' id='block_1_2' title="bbox 123 536 1281 3649">
    <p class='ocr_par' dir='ltr' id='par_1_2' title="bbox 126 536 1281 1034">
     <span class='ocr_line' id='line_1_2' title="bbox 128 536 1280 608; baseline -0.001 -16"><span class='ocrx_word' id='word_1_3' title='bbox 128 540 287 608; x_wconf 87' lang='lat' dir='ltr'><strong>fingebatur</strong></span> <span class='ocrx_word' id='word_1_4' title='bbox 305 550 332 593; x_wconf 92' lang='lat' dir='ltr'><strong>et</strong></span> <span class='ocrx_word' id='word_1_5' title='bbox 350 539 419 594; x_wconf 76' lang='lat' dir='ltr'><strong>rex*</strong></span> <span class='ocrx_word' id='word_1_6' title='bbox 437 539 524 594; x_wconf 85' lang='lat' dir='ltr'><strong>fuisse</strong></span> <span class='ocrx_word' id='word_1_7' title='bbox 540 540 676 607; x_wconf 89' lang='lat' dir='ltr'><strong>Pisarum,</strong></span> <span class='ocrx_word' id='word_1_8' title='bbox 690 551 717 594; x_wconf 89' lang='lat' dir='ltr'><strong>et</strong></span> <span class='ocrx_word' id='word_1_9' title='bbox 736 540 811 594; x_wconf 90' lang='lat' dir='ltr'><strong>idem</strong></span> <span class='ocrx_word' id='word_1_10' title='bbox 827 538 916 592; x_wconf 90' lang='lat' dir='ltr'><strong>uitam</strong></span> <span class='ocrx_word' id='word_1_11' title='bbox 934 538 1017 592; x_wconf 92' lang='lat' dir='ltr'><strong>simul</strong></span> <span class='ocrx_word' id='word_1_12' title='bbox 1034 554 1067 590; x_wconf 95' lang='lat' dir='ltr'><strong>ac</strong></span> <span class='ocrx_word' id='word_1_13' title='bbox 1085 536 1280 592; x_wconf 85' lang='lat' dir='ltr'>crudelitatem</span> 
     </span>
     <span class='ocr_line' id='line_1_3' title="bbox 127 608 1281 691; baseline -0.003 -27"><span class='ocrx_word' id='word_1_14' title='bbox 127 610 329 680; x_wconf 87' lang='lat' dir='ltr'><strong>praecipitatus</strong></span> <span class='ocrx_word' id='word_1_15' title='bbox 342 610 370 663; x_wconf 94' lang='lat' dir='ltr'><strong>in</strong></span> <span class='ocrx_word' id='word_1_16' title='bbox 384 610 554 691; x_wconf 84' lang='lat' dir='ltr'><strong>profundum</strong></span> <span class='ocrx_word' id='word_1_17' title='bbox 567 610 700 665; x_wconf 87' lang='lat' dir='ltr'><strong>fininisse.</strong></span> <span class='ocrx_word' id='word_1_18' title='bbox 730 610 810 663; x_wconf 94' lang='lat' dir='ltr'><strong>Nihil</strong></span> <span class='ocrx_word' id='word_1_19' title='bbox 823 625 917 663; x_wconf 90' lang='lat' dir='ltr'><strong>moror</strong></span> <span class='ocrx_word' id='word_1_20' title='bbox 926 609 1002 679; x_wconf 92' lang='lat' dir='ltr'><strong>quod</strong></span> <span class='ocrx_word' id='word_1_21' title='bbox 1010 608 1120 662; x_wconf 90' lang='lat' dir='ltr'><strong>Annius</strong></span> <span class='ocrx_word' id='word_1_22' title='bbox 1132 608 1185 663; x_wconf 89' lang='lat' dir='ltr'><strong>iste</strong></span> <span class='ocrx_word' id='word_1_23' title='bbox 1196 625 1281 677; x_wconf 94' lang='lat' dir='ltr'><strong>quem</strong></span> 
     </span>
     <span class='ocr_line' id='line_1_4' title="bbox 129 678 1281 735; baseline -0.001 -1"><span class='ocrx_word' id='word_1_24' title='bbox 129 681 296 735; x_wconf 88' lang='lat' dir='ltr'><strong>Plutarchus</strong></span> <span class='ocrx_word' id='word_1_25' title='bbox 310 680 406 735; x_wconf 85' lang='lat' dir='ltr'><strong>scribit</strong></span> <span class='ocrx_word' id='word_1_26' title='bbox 423 681 460 734; x_wconf 94' lang='lat' dir='ltr'><strong>ob</strong></span> <span class='ocrx_word' id='word_1_27' title='bbox 480 681 675 735; x_wconf 85' lang='lat' dir='ltr'><strong>crudelitatem</strong></span> <span class='ocrx_word' id='word_1_28' title='bbox 693 681 722 734; x_wconf 93' lang='lat' dir='ltr'><strong>in</strong></span> <span class='ocrx_word' id='word_1_29' title='bbox 740 681 826 734; x_wconf 91' lang='lat' dir='ltr'><strong>filiam</strong></span> <span class='ocrx_word' id='word_1_30' title='bbox 846 679 986 734; x_wconf 85' lang='lat' dir='ltr'><strong>insiluisse</strong></span> <span class='ocrx_word' id='word_1_31' title='bbox 1004 678 1032 732; x_wconf 92' lang='lat' dir='ltr'><strong>in</strong></span> <span class='ocrx_word' id='word_1_32' title='bbox 1045 679 1160 733; x_wconf 89' lang='lat' dir='ltr'><strong>fluuium</strong></span> <span class='ocrx_word' id='word_1_33' title='bbox 1174 689 1202 733; x_wconf 93' lang='lat' dir='ltr'><strong>et</strong></span> <span class='ocrx_word' id='word_1_34' title='bbox 1214 678 1281 733; x_wconf 93' lang='lat' dir='ltr'><strong>huic</strong></span> 
     </span>
     <span class='ocr_line' id='line_1_5' title="bbox 126 749 1280 819; baseline 0 -15"><span class='ocrx_word' id='word_1_35' title='bbox 126 750 267 806; x_wconf 87' lang='lat' dir='ltr'><strong>Anienem</strong></span> <span class='ocrx_word' id='word_1_36' title='bbox 286 768 390 806; x_wconf 92' lang='lat' dir='ltr'><strong>nomen</strong></span> <span class='ocrx_word' id='word_1_37' title='bbox 409 751 555 819; x_wconf 88' lang='lat' dir='ltr'><strong>indidisse,</strong></span> <span class='ocrx_word' id='word_1_38' title='bbox 574 768 631 805; x_wconf 93' lang='lat' dir='ltr'><strong>non</strong></span> <span class='ocrx_word' id='word_1_39' title='bbox 652 751 724 805; x_wconf 91' lang='lat' dir='ltr'><strong>Pisis</strong></span> <span class='ocrx_word' id='word_1_40' title='bbox 743 751 852 806; x_wconf 89' lang='lat' dir='ltr'><strong>uicinus</strong></span> <span class='ocrx_word' id='word_1_41' title='bbox 871 749 1036 817; x_wconf 76' lang='lat' dir='ltr'><strong>amniculu5‚</strong></span> <span class='ocrx_word' id='word_1_42' title='bbox 1055 749 1108 804; x_wconf 92' lang='lat' dir='ltr'><strong>sed</strong></span> <span class='ocrx_word' id='word_1_43' title='bbox 1125 749 1216 802; x_wconf 90' lang='lat' dir='ltr'><strong>maior</strong></span> <span class='ocrx_word' id='word_1_44' title='bbox 1234 749 1280 804; x_wconf 95' lang='lat' dir='ltr'><strong>ille</strong></span> 
     </span>
     <span class='ocr_line' id='line_1_6' title="bbox 126 818 1281 892; baseline 0 -18"><span class='ocrx_word' id='word_1_45' title='bbox 126 821 203 875; x_wconf 93' lang='lat' dir='ltr'><strong>Anio</strong></span> <span class='ocrx_word' id='word_1_46' title='bbox 215 822 305 877; x_wconf 88' lang='lat' dir='ltr'><strong>fuerit.</strong></span> <span class='ocrx_word' id='word_1_47' title='bbox 326 821 402 892; x_wconf 83' lang='lat' dir='ltr'><strong>Quid</strong></span> <span class='ocrx_word' id='word_1_48' title='bbox 412 822 488 876; x_wconf 90' lang='lat' dir='ltr'><strong>enim</strong></span> <span class='ocrx_word' id='word_1_49' title='bbox 498 822 623 877; x_wconf 88' lang='lat' dir='ltr'><strong>crebrius</strong></span> <span class='ocrx_word' id='word_1_50' title='bbox 633 839 719 892; x_wconf 90' lang='lat' dir='ltr'><strong>quam</strong></span> <span class='ocrx_word' id='word_1_51' title='bbox 732 821 808 877; x_wconf 91' lang='lat' dir='ltr'><strong>idem</strong></span> <span class='ocrx_word' id='word_1_52' title='bbox 821 838 926 875; x_wconf 92' lang='lat' dir='ltr'><strong>nomen</strong></span> <span class='ocrx_word' id='word_1_53' title='bbox 939 821 976 875; x_wconf 91' lang='lat' dir='ltr'><strong>ab</strong></span> <span class='ocrx_word' id='word_1_54' title='bbox 987 819 1113 874; x_wconf 93' lang='lat' dir='ltr'><strong>obscuris</strong></span> <span class='ocrx_word' id='word_1_55' title='bbox 1123 820 1160 873; x_wconf 93' lang='lat' dir='ltr'><strong>ad</strong></span> <span class='ocrx_word' id='word_1_56' title='bbox 1169 818 1281 874; x_wconf 90' lang='lat' dir='ltr'><strong>notiora</strong></span> 
     </span>
     <span class='ocr_line' id='line_1_7' title="bbox 126 889 1280 962; baseline -0.002 -16"><span class='ocrx_word' id='word_1_57' title='bbox 126 892 258 947; x_wconf 84' lang='lat' dir='ltr'><strong>transdi?</strong></span> <span class='ocrx_word' id='word_1_58' title='bbox 294 894 378 947; x_wconf 90' lang='lat' dir='ltr'><strong>Certe</strong></span> <span class='ocrx_word' id='word_1_59' title='bbox 396 892 437 947; x_wconf 92' lang='lat' dir='ltr'><strong>sic</strong></span> <span class='ocrx_word' id='word_1_60' title='bbox 454 893 602 962; x_wconf 88' lang='lat' dir='ltr'><strong>expeditur</strong></span> <span class='ocrx_word' id='word_1_61' title='bbox 620 892 697 962; x_wconf 92' lang='lat' dir='ltr'><strong>quod</strong></span> <span class='ocrx_word' id='word_1_62' title='bbox 715 903 758 949; x_wconf 90' lang='lat' dir='ltr'><strong>est</strong></span> <span class='ocrx_word' id='word_1_63' title='bbox 777 891 980 960; x_wconf 88' lang='lat' dir='ltr'><strong>difficillimum,</strong></span> <span class='ocrx_word' id='word_1_64' title='bbox 993 893 1084 945; x_wconf 83' lang='lat' dir='ltr'><strong>Roma</strong></span> <span class='ocrx_word' id='word_1_65' title='bbox 1100 890 1235 961; x_wconf 90' lang='lat' dir='ltr'><strong>scriptum</strong></span> <span class='ocrx_word' id='word_1_66' title='bbox 1251 889 1280 944; x_wconf 88' lang='lat' dir='ltr'><strong>in</strong></span> 
     </span>
     <span class='ocr_line' id='line_1_8' title="bbox 127 963 550 1034; baseline 0.002 -17"><span class='ocrx_word' id='word_1_67' title='bbox 127 964 264 1031; x_wconf 90' lang='lat' dir='ltr'><strong>Galeano,</strong></span> <span class='ocrx_word' id='word_1_68' title='bbox 277 964 348 1017; x_wconf 84' lang='lat' dir='ltr'><strong>Pisa</strong></span> <span class='ocrx_word' id='word_1_69' title='bbox 360 963 389 1017; x_wconf 93' lang='lat' dir='ltr'><strong>in</strong></span> <span class='ocrx_word' id='word_1_70' title='bbox 401 963 550 1034; x_wconf 90' lang='lat' dir='ltr'><strong>plerisque.</strong></span> 
     </span>
    </p>

    <p class='ocr_par' dir='ltr' id='par_1_3' title="bbox 126 1032 1280 1879">
     <span class='ocr_line' id='line_1_9' title="bbox 164 1032 1280 1104; baseline -0.003 -17"><span class='ocrx_word' id='word_1_71' title='bbox 164 1034 345 1103; x_wconf 84' lang='lat' dir='ltr'><strong>Quamquam</strong></span> <span class='ocrx_word' id='word_1_72' title='bbox 357 1052 394 1088; x_wconf 93' lang='lat' dir='ltr'><strong>ne</strong></span> <span class='ocrx_word' id='word_1_73' title='bbox 407 1034 476 1088; x_wconf 93' lang='lat' dir='ltr'><strong>illud</strong></span> <span class='ocrx_word' id='word_1_74' title='bbox 488 1035 603 1104; x_wconf 92' lang='lat' dir='ltr'><strong>quidem</strong></span> <span class='ocrx_word' id='word_1_75' title='bbox 615 1034 792 1089; x_wconf 92' lang='lat' dir='ltr'><strong>reticendum</strong></span> <span class='ocrx_word' id='word_1_76' title='bbox 805 1044 856 1103; x_wconf 93' lang='lat' dir='ltr'><strong>est,</strong></span> <span class='ocrx_word' id='word_1_77' title='bbox 870 1033 946 1102; x_wconf 90' lang='lat' dir='ltr'><strong>quod</strong></span> <span class='ocrx_word' id='word_1_78' title='bbox 959 1032 1006 1088; x_wconf 88' lang='lat' dir='ltr'><strong>alii</strong></span> <span class='ocrx_word' id='word_1_79' title='bbox 1019 1032 1139 1087; x_wconf 83' lang='lat' dir='ltr'><strong>fortasse</strong></span> <span class='ocrx_word' id='word_1_80' title='bbox 1156 1032 1280 1101; x_wconf 91' lang='lat' dir='ltr'><strong>amplec-</strong></span> 
     </span>
     <span class='ocr_line' id='line_1_10' title="bbox 126 1102 1280 1175; baseline -0.001 -18"><span class='ocrx_word' id='word_1_81' title='bbox 126 1112 229 1172; x_wconf 89' lang='lat' dir='ltr'><strong>tentur,</strong></span> <span class='ocrx_word' id='word_1_82' title='bbox 248 1105 339 1158; x_wconf 86' lang='lat' dir='ltr'><strong>Roma</strong></span> <span class='ocrx_word' id='word_1_83' title='bbox 359 1104 427 1158; x_wconf 90' lang='lat' dir='ltr'><strong>illud</strong></span> <span class='ocrx_word' id='word_1_84' title='bbox 446 1104 573 1175; x_wconf 91' lang='lat' dir='ltr'><strong>potuisse</strong></span> <span class='ocrx_word' id='word_1_85' title='bbox 592 1104 711 1160; x_wconf 88' lang='lat' dir='ltr'><strong>Galeani</strong></span> <span class='ocrx_word' id='word_1_86' title='bbox 732 1104 854 1159; x_wconf 92' lang='lat' dir='ltr'><strong>scribam</strong></span> <span class='ocrx_word' id='word_1_87' title='bbox 878 1104 913 1157; x_wconf 91' lang='lat' dir='ltr'><strong>de</strong></span> <span class='ocrx_word' id='word_1_88' title='bbox 935 1119 986 1157; x_wconf 93' lang='lat' dir='ltr'><strong>suo</strong></span> <span class='ocrx_word' id='word_1_89' title='bbox 1008 1102 1117 1157; x_wconf 85' lang='lat' dir='ltr'><strong>inferre.</strong></span> <span class='ocrx_word' id='word_1_90' title='bbox 1156 1104 1233 1157; x_wconf 90' lang='lat' dir='ltr'><strong>Nam</strong></span> <span class='ocrx_word' id='word_1_91' title='bbox 1253 1103 1280 1156; x_wconf 89' lang='lat' dir='ltr'>G</span> 
     </span>
     <span class='ocr_line' id='line_1_11' title="bbox 126 1173 1280 1256; baseline -0.002 -28"><span class='ocrx_word' id='word_1_92' title='bbox 126 1184 248 1229; x_wconf 90' lang='lat' dir='ltr'><strong>exeunte</strong></span> <span class='ocrx_word' id='word_1_93' title='bbox 261 1176 375 1229; x_wconf 92' lang='lat' dir='ltr'><strong>saeculo</strong></span> <span class='ocrx_word' id='word_1_94' title='bbox 392 1175 428 1229; x_wconf 91' lang='lat' dir='ltr'><strong>xii</strong></span> <span class='ocrx_word' id='word_1_95' title='bbox 448 1175 569 1244; x_wconf 91' lang='lat' dir='ltr'><strong>scriptus</strong></span> <span class='ocrx_word' id='word_1_96' title='bbox 585 1184 637 1243; x_wconf 93' lang='lat' dir='ltr'><strong>est,</strong></span> <span class='ocrx_word' id='word_1_97' title='bbox 651 1192 706 1256; x_wconf 88' lang='lat' dir='ltr'><strong>quo</strong></span> <span class='ocrx_word' id='word_1_98' title='bbox 719 1185 847 1244; x_wconf 91' lang='lat' dir='ltr'><strong>tempore</strong></span> <span class='ocrx_word' id='word_1_99' title='bbox 861 1174 941 1241; x_wconf 93' lang='lat' dir='ltr'><strong>Milo,</strong></span> <span class='ocrx_word' id='word_1_100' title='bbox 954 1173 1080 1228; x_wconf 86' lang='lat' dir='ltr'><strong>notarius</strong></span> <span class='ocrx_word' id='word_1_101' title='bbox 1092 1189 1158 1226; x_wconf 86' lang='lat' dir='ltr'><strong>mox</strong></span> <span class='ocrx_word' id='word_1_102' title='bbox 1170 1174 1280 1242; x_wconf 90' lang='lat' dir='ltr'><strong>legatus</strong></span> 
     </span>
     <span class='ocr_line' id='line_1_12' title="bbox 129 1243 1280 1315; baseline -0.001 -18"><span class='ocrx_word' id='word_1_103' title='bbox 129 1245 224 1314; x_wconf 89' lang='lat' dir='ltr'><strong>Papae</strong></span> <span class='ocrx_word' id='word_1_104' title='bbox 239 1245 397 1300; x_wconf 92' lang='lat' dir='ltr'><strong>Innocentii</strong></span> <span class='ocrx_word' id='word_1_105' title='bbox 410 1248 466 1313; x_wconf 93' lang='grc' dir='ltr'><strong>ΙΙΙ,</strong></span> <span class='ocrx_word' id='word_1_106' title='bbox 478 1245 648 1315; x_wconf 89' lang='lat' dir='ltr'><strong>Albigenses</strong></span> <span class='ocrx_word' id='word_1_107' title='bbox 661 1263 690 1300; x_wconf 93' lang='lat' dir='ltr'><strong>m</strong></span> <span class='ocrx_word' id='word_1_108' title='bbox 701 1245 794 1300; x_wconf 89' lang='lat' dir='ltr'><strong>Gallia</strong></span> <span class='ocrx_word' id='word_1_109' title='bbox 806 1245 882 1299; x_wconf 93' lang='lat' dir='ltr'><strong>omni</strong></span> <span class='ocrx_word' id='word_1_110' title='bbox 896 1244 990 1299; x_wconf 92' lang='lat' dir='ltr'><strong>studio</strong></span> <span class='ocrx_word' id='word_1_111' title='bbox 1002 1244 1200 1299; x_wconf 91' lang='lat' dir='ltr'><strong>insectabatur.</strong></span> <span class='ocrx_word' id='word_1_112' title='bbox 1225 1243 1280 1313; x_wconf 91' lang='lat' dir='ltr'><strong>Qui</strong></span> 
     </span>
     <span class='ocr_line' id='line_1_13' title="bbox 127 1313 1280 1386; baseline 0 -18"><span class='ocrx_word' id='word_1_113' title='bbox 127 1331 193 1368; x_wconf 88' lang='lat' dir='ltr'><strong>cum</strong></span> <span class='ocrx_word' id='word_1_114' title='bbox 206 1314 275 1369; x_wconf 89' lang='lat' dir='ltr'><strong>nihil</strong></span> <span class='ocrx_word' id='word_1_115' title='bbox 288 1333 345 1370; x_wconf 91' lang='lat' dir='ltr'><strong>non</strong></span> <span class='ocrx_word' id='word_1_116' title='bbox 358 1325 473 1386; x_wconf 86' lang='lat' dir='ltr'><strong>paratus</strong></span> <span class='ocrx_word' id='word_1_117' title='bbox 485 1316 568 1373; x_wconf 87' lang='lat' dir='ltr'><strong>fuerit</strong></span> <span class='ocrx_word' id='word_1_118' title='bbox 583 1316 612 1370; x_wconf 90' lang='lat' dir='ltr'><strong>in</strong></span> <span class='ocrx_word' id='word_1_119' title='bbox 625 1334 675 1371; x_wconf 90' lang='lat' dir='ltr'><strong>eos</strong></span> <span class='ocrx_word' id='word_1_120' title='bbox 688 1315 779 1370; x_wconf 93' lang='lat' dir='ltr'><strong>moliri</strong></span> <span class='ocrx_word' id='word_1_121' title='bbox 794 1315 915 1385; x_wconf 79' lang='lat' dir='ltr'><strong>(Benoit,</strong></span> <span class='ocrx_word' id='word_1_122' title='bbox 930 1315 1056 1370; x_wconf 90' lang='lat' dir='ltr'><strong>Histoire</strong></span> <span class='ocrx_word' id='word_1_123' title='bbox 1069 1313 1120 1369; x_wconf 90' lang='lat' dir='ltr'><strong>des</strong></span> <span class='ocrx_word' id='word_1_124' title='bbox 1133 1313 1280 1383; x_wconf 92' lang='lat' dir='ltr'><strong>Albigeois</strong></span> 
     </span>
     <span class='ocr_line' id='line_1_14' title="bbox 128 1384 1280 1456; baseline 0 -18"><span class='ocrx_word' id='word_1_125' title='bbox 128 1386 160 1438; x_wconf 89' lang='lat' dir='ltr'><strong>T.</strong></span> <span class='ocrx_word' id='word_1_126' title='bbox 176 1384 192 1438; x_wconf 92' lang='lat' dir='ltr'><strong>i.</strong></span> <span class='ocrx_word' id='word_1_127' title='bbox 206 1403 232 1455; x_wconf 93' lang='lat' dir='ltr'><strong>p.</strong></span> <span class='ocrx_word' id='word_1_128' title='bbox 250 1386 310 1455; x_wconf 82' lang='lat'>145)</span> <span class='ocrx_word' id='word_1_129' title='bbox 324 1386 425 1441; x_wconf 91' lang='lat' dir='ltr'><strong>merito</strong></span> <span class='ocrx_word' id='word_1_130' title='bbox 442 1387 535 1441; x_wconf 93' lang='lat' dir='ltr'><strong>locum</strong></span> <span class='ocrx_word' id='word_1_131' title='bbox 548 1398 644 1442; x_wconf 90' lang='lat' dir='ltr'><strong>tenere</strong></span> <span class='ocrx_word' id='word_1_132' title='bbox 660 1386 751 1456; x_wconf 93' lang='lat' dir='ltr'><strong>potuit</strong></span> <span class='ocrx_word' id='word_1_133' title='bbox 768 1386 841 1441; x_wconf 90' lang='lat' dir='ltr'><strong>inter</strong></span> <span class='ocrx_word' id='word_1_134' title='bbox 857 1403 906 1441; x_wconf 92' lang='lat' dir='ltr'><strong>eos</strong></span> <span class='ocrx_word' id='word_1_135' title='bbox 922 1385 969 1455; x_wconf 93' lang='lat' dir='ltr'><strong>qui</strong></span> <span class='ocrx_word' id='word_1_136' title='bbox 987 1384 1160 1440; x_wconf 90' lang='lat' dir='ltr'><strong>crudelitatis</strong></span> <span class='ocrx_word' id='word_1_137' title='bbox 1175 1384 1280 1454; x_wconf 91' lang='lat' dir='ltr'><strong>suppli-</strong></span> 
     </span>
     <span class='ocr_line' id='line_1_15' title="bbox 126 1454 1279 1536; baseline 0 -28"><span class='ocrx_word' id='word_1_138' title='bbox 126 1455 204 1509; x_wconf 91' lang='lat' dir='ltr'><strong>cium</strong></span> <span class='ocrx_word' id='word_1_139' title='bbox 222 1457 298 1526; x_wconf 90' lang='lat' dir='ltr'><strong>passi</strong></span> <span class='ocrx_word' id='word_1_140' title='bbox 319 1467 391 1512; x_wconf 91' lang='lat' dir='ltr'><strong>sunt.</strong></span> <span class='ocrx_word' id='word_1_141' title='bbox 432 1459 497 1512; x_wconf 86' lang='lat' dir='ltr'><strong>Hoc</strong></span> <span class='ocrx_word' id='word_1_142' title='bbox 516 1459 615 1513; x_wconf 89' lang='lat' dir='ltr'><strong>uolens</strong></span> <span class='ocrx_word' id='word_1_143' title='bbox 633 1457 792 1526; x_wconf 89' lang='lat' dir='ltr'><strong>significare</strong></span> <span class='ocrx_word' id='word_1_144' title='bbox 814 1457 907 1511; x_wconf 91' lang='lat' dir='ltr'><strong>scriba</strong></span> <span class='ocrx_word' id='word_1_145' title='bbox 925 1456 1031 1510; x_wconf 91' lang='lat' dir='ltr'><strong>codicis</strong></span> <span class='ocrx_word' id='word_1_146' title='bbox 1051 1458 1078 1511; x_wconf 89' lang='lat' dir='ltr'>G</span> <span class='ocrx_word' id='word_1_147' title='bbox 1097 1455 1166 1526; x_wconf 90' lang='lat' dir='ltr'><strong>quid</strong></span> <span class='ocrx_word' id='word_1_148' title='bbox 1183 1454 1279 1536; x_wconf 88' lang='lat' dir='ltr'><strong>potius</strong></span> 
     </span>
     <span class='ocr_line' id='line_1_16' title="bbox 126 1526 1279 1598; baseline -0.001 -18"><span class='ocrx_word' id='word_1_149' title='bbox 126 1526 232 1581; x_wconf 85' lang='lat' dir='ltr'><strong>faceret</strong></span> <span class='ocrx_word' id='word_1_150' title='bbox 251 1544 337 1597; x_wconf 89' lang='lat' dir='ltr'><strong>quam</strong></span> <span class='ocrx_word' id='word_1_151' title='bbox 355 1537 385 1582; x_wconf 95' lang='lat' dir='ltr'><strong>ut</strong></span> <span class='ocrx_word' id='word_1_152' title='bbox 404 1531 534 1596; x_wconf 90' lang='lat' dir='ltr'><strong>Romam,</strong></span> <span class='ocrx_word' id='word_1_153' title='bbox 550 1529 648 1583; x_wconf 90' lang='lat' dir='ltr'><strong>sedem</strong></span> <span class='ocrx_word' id='word_1_154' title='bbox 667 1545 767 1598; x_wconf 87' lang='lat' dir='ltr'><strong>papae,</strong></span> <span class='ocrx_word' id='word_1_155' title='bbox 784 1527 832 1583; x_wconf 93' lang='lat' dir='ltr'><strong>ubi</strong></span> <span class='ocrx_word' id='word_1_156' title='bbox 851 1527 922 1581; x_wconf 94' lang='lat' dir='ltr'><strong>Milo</strong></span> <span class='ocrx_word' id='word_1_157' title='bbox 940 1528 1105 1596; x_wconf 91' lang='lat' dir='ltr'><strong>plerumque</strong></span> <span class='ocrx_word' id='word_1_158' title='bbox 1123 1526 1279 1592; x_wconf 81' lang='lat' dir='ltr'><strong>habitabat,</strong></span> 
     </span>
     <span class='ocr_line' id='line_1_17' title="bbox 127 1597 1279 1668; baseline 0 -18"><span class='ocrx_word' id='word_1_159' title='bbox 127 1597 204 1651; x_wconf 87' lang='lat' dir='ltr'><strong>&#39;unde</strong></span> <span class='ocrx_word' id='word_1_160' title='bbox 217 1598 254 1651; x_wconf 88' lang='lat' dir='ltr'><strong>ad</strong></span> <span class='ocrx_word' id='word_1_161' title='bbox 267 1598 418 1653; x_wconf 87' lang='lat' dir='ltr'><strong>delendam</strong></span> <span class='ocrx_word' id='word_1_162' title='bbox 431 1599 562 1654; x_wconf 89' lang='lat' dir='ltr'><strong>haeresin</strong></span> <span class='ocrx_word' id='word_1_163' title='bbox 575 1600 717 1668; x_wconf 88' lang='lat' dir='ltr'><strong>profectus</strong></span> <span class='ocrx_word' id='word_1_164' title='bbox 730 1608 782 1666; x_wconf 90' lang='lat' dir='ltr'><strong>est,</strong></span> <span class='ocrx_word' id='word_1_165' title='bbox 795 1615 859 1653; x_wconf 94' lang='lat' dir='ltr'><strong>cum</strong></span> <span class='ocrx_word' id='word_1_166' title='bbox 870 1597 985 1651; x_wconf 90' lang='lat' dir='ltr'><strong>Milonis</strong></span> <span class='ocrx_word' id='word_1_167' title='bbox 999 1597 1113 1651; x_wconf 88' lang='lat' dir='ltr'><strong>nomine</strong></span> <span class='ocrx_word' id='word_1_168' title='bbox 1126 1612 1182 1650; x_wconf 90' lang='lat' dir='ltr'><strong>uno</strong></span> <span class='ocrx_word' id='word_1_169' title='bbox 1194 1613 1279 1651; x_wconf 90' lang='lat' dir='ltr'><strong>uersu</strong></span> 
     </span>
     <span class='ocr_line' id='line_1_18' title="bbox 126 1666 1279 1739; baseline 0 -19"><span class='ocrx_word' id='word_1_170' title='bbox 126 1667 332 1736; x_wconf 87' lang='lat' dir='ltr'><strong>coniungeret?</strong></span> <span class='ocrx_word' id='word_1_171' title='bbox 368 1672 436 1723; x_wconf 92' lang='lat' dir='ltr'><strong>Non</strong></span> <span class='ocrx_word' id='word_1_172' title='bbox 455 1686 511 1739; x_wconf 94' lang='lat' dir='ltr'><strong>quo</strong></span> <span class='ocrx_word' id='word_1_173' title='bbox 529 1669 601 1723; x_wconf 95' lang='lat' dir='ltr'><strong>Milo</strong></span> <span class='ocrx_word' id='word_1_174' title='bbox 617 1669 664 1724; x_wconf 89' lang='lat' dir='ltr'><strong>hic</strong></span> <span class='ocrx_word' id='word_1_175' title='bbox 681 1671 790 1738; x_wconf 91' lang='lat' dir='ltr'><strong>legatus</strong></span> <span class='ocrx_word' id='word_1_176' title='bbox 809 1671 904 1738; x_wconf 85' lang='lat' dir='ltr'><strong>Papae</strong></span> <span class='ocrx_word' id='word_1_177' title='bbox 923 1668 951 1721; x_wconf 94' lang='lat' dir='ltr'><strong>in</strong></span> <span class='ocrx_word' id='word_1_178' title='bbox 970 1684 1059 1737; x_wconf 90' lang='lat' dir='ltr'><strong>aquas</strong></span> <span class='ocrx_word' id='word_1_179' title='bbox 1077 1666 1279 1737; x_wconf 90' lang='lat' dir='ltr'><strong>praecipitatus</strong></span> 
     </span>
     <span class='ocr_line' id='line_1_19' title="bbox 127 1735 1277 1809; baseline 0 -19"><span class='ocrx_word' id='word_1_180' title='bbox 127 1737 173 1805; x_wconf 91' lang='lat' dir='ltr'><strong>sit,</strong></span> <span class='ocrx_word' id='word_1_181' title='bbox 186 1755 253 1792; x_wconf 93' lang='lat' dir='ltr'><strong>nam</strong></span> <span class='ocrx_word' id='word_1_182' title='bbox 266 1738 360 1794; x_wconf 91' lang='lat' dir='ltr'><strong>subito</strong></span> <span class='ocrx_word' id='word_1_183' title='bbox 379 1741 479 1794; x_wconf 95' lang='lat' dir='ltr'><strong>morbo</strong></span> <span class='ocrx_word' id='word_1_184' title='bbox 497 1750 643 1809; x_wconf 92' lang='lat' dir='ltr'><strong>correptus</strong></span> <span class='ocrx_word' id='word_1_185' title='bbox 662 1739 764 1809; x_wconf 91' lang='lat' dir='ltr'><strong>periit:</strong></span> <span class='ocrx_word' id='word_1_186' title='bbox 790 1738 859 1794; x_wconf 92' lang='lat' dir='ltr'><strong>satis</strong></span> <span class='ocrx_word' id='word_1_187' title='bbox 878 1748 921 1793; x_wconf 91' lang='lat' dir='ltr'><strong>est</strong></span> <span class='ocrx_word' id='word_1_188' title='bbox 938 1738 977 1792; x_wconf 92' lang='lat' dir='ltr'><strong>ad</strong></span> <span class='ocrx_word' id='word_1_189' title='bbox 993 1738 1022 1791; x_wconf 91' lang='lat' dir='ltr'><strong>id</strong></span> <span class='ocrx_word' id='word_1_190' title='bbox 1042 1738 1118 1808; x_wconf 91' lang='lat' dir='ltr'><strong>quod</strong></span> <span class='ocrx_word' id='word_1_191' title='bbox 1131 1735 1240 1805; x_wconf 88' lang='lat' dir='ltr'><strong>agimus</strong></span> <span class='ocrx_word' id='word_1_192' title='bbox 1254 1737 1277 1790; x_wconf 91' lang='lat' dir='ltr'><strong>si</strong></span> 
     </span>
     <span class='ocr_line' id='line_1_20' title="bbox 126 1808 1264 1879; baseline -0.002 -16"><span class='ocrx_word' id='word_1_193' title='bbox 126 1808 194 1863; x_wconf 88' lang='lat' dir='ltr'><strong>odio</strong></span> <span class='ocrx_word' id='word_1_194' title='bbox 204 1808 353 1865; x_wconf 93' lang='lat' dir='ltr'><strong>instinctus</strong></span> <span class='ocrx_word' id='word_1_195' title='bbox 364 1810 457 1865; x_wconf 91' lang='lat' dir='ltr'><strong>scriba</strong></span> <span class='ocrx_word' id='word_1_196' title='bbox 465 1827 529 1866; x_wconf 91' lang='lat' dir='ltr'><strong>eam</strong></span> <span class='ocrx_word' id='word_1_197' title='bbox 537 1820 657 1866; x_wconf 90' lang='lat' dir='ltr'><strong>mortem</strong></span> <span class='ocrx_word' id='word_1_198' title='bbox 667 1810 733 1865; x_wconf 92' lang='lat' dir='ltr'><strong>huic</strong></span> <span class='ocrx_word' id='word_1_199' title='bbox 742 1809 868 1866; x_wconf 89' lang='lat' dir='ltr'><strong>attribuit</strong></span> <span class='ocrx_word' id='word_1_200' title='bbox 878 1826 934 1879; x_wconf 92' lang='lat' dir='ltr'><strong>qua</strong></span> <span class='ocrx_word' id='word_1_201' title='bbox 942 1808 1059 1878; x_wconf 88' lang='lat' dir='ltr'><strong>dignum</strong></span> <span class='ocrx_word' id='word_1_202' title='bbox 1069 1808 1264 1863; x_wconf 89' lang='lat' dir='ltr'><strong>arbitrabatur.</strong></span> 
     </span>
    </p>

    <p class='ocr_par' dir='ltr' id='par_1_4' title="bbox 163 1878 1248 1951">
     <span class='ocr_line' id='line_1_21' title="bbox 163 1878 1248 1951; baseline -0.002 -17"><span class='ocrx_word' id='word_1_203' title='bbox 163 1878 210 1934; x_wconf 92' lang='lat' dir='ltr'><strong>Ad</strong></span> <span class='ocrx_word' id='word_1_204' title='bbox 222 1883 287 1950; x_wconf 81' lang='lat'><strong>351,</strong></span> <span class='ocrx_word' id='word_1_205' title='bbox 300 1882 330 1937; x_wconf 81' lang='lat'><strong>2.</strong></span> <span class='ocrx_word' id='word_1_206' title='bbox 350 1882 509 1951; x_wconf 82' lang='lat' dir='ltr'><strong>Quaeque</strong></span> <span class='ocrx_word' id='word_1_207' title='bbox 528 1881 577 1936; x_wconf 91' lang='lat' dir='ltr'><strong>sui</strong></span> <span class='ocrx_word' id='word_1_208' title='bbox 596 1898 750 1937; x_wconf 89' lang='lat' dir='ltr'><strong>uenerem</strong></span> <span class='ocrx_word' id='word_1_209' title='bbox 770 1880 896 1936; x_wconf 89' lang='lat' dir='ltr'><strong>iuncxit</strong></span> <span class='ocrx_word' id='word_1_210' title='bbox 916 1896 987 1934; x_wconf 91' lang='lat' dir='ltr'><strong>cum</strong></span> <span class='ocrx_word' id='word_1_211' title='bbox 1006 1879 1108 1933; x_wconf 86' lang='lat' dir='ltr'><strong>fratre</strong></span> <span class='ocrx_word' id='word_1_212' title='bbox 1126 1878 1248 1948; x_wconf 89' lang='lat' dir='ltr'><strong>mariti,</strong></span> 
     </span>
    </p>

    <p class='ocr_par' dir='ltr' id='par_1_5' title="bbox 395 1951 1068 2022">
     <span class='ocr_line' id='line_1_22' title="bbox 395 1951 1068 2022; baseline -0.003 -17"><span class='ocrx_word' id='word_1_213' title='bbox 395 1952 511 2006; x_wconf 89' lang='lat' dir='ltr'><strong>Locris</strong></span> <span class='ocrx_word' id='word_1_214' title='bbox 530 1952 562 2007; x_wconf 93' lang='lat' dir='ltr'><strong>in</strong></span> <span class='ocrx_word' id='word_1_215' title='bbox 581 1952 726 2007; x_wconf 90' lang='lat' dir='ltr'><strong>ancillae</strong></span> <span class='ocrx_word' id='word_1_216' title='bbox 745 1951 960 2022; x_wconf 84' lang='lat' dir='ltr'><strong>dissimulata</strong></span> <span class='ocrx_word' id='word_1_217' title='bbox 978 1967 1068 2005; x_wconf 88' lang='lat' dir='ltr'><strong>nece.</strong></span> 
     </span>
    </p>

    <p class='ocr_par' dir='ltr' id='par_1_6' title="bbox 123 2019 1279 3578">
     <span class='ocr_line' id='line_1_23' title="bbox 164 2019 1279 2093; baseline -0.001 -18"><span class='ocrx_word' id='word_1_218' title='bbox 164 2021 246 2076; x_wconf 92' lang='lat' dir='ltr'><strong>Haec</strong></span> <span class='ocrx_word' id='word_1_219' title='bbox 259 2021 352 2076; x_wconf 93' lang='lat' dir='ltr'><strong>minus</strong></span> <span class='ocrx_word' id='word_1_220' title='bbox 365 2024 515 2077; x_wconf 91' lang='lat' dir='ltr'><strong>commode</strong></span> <span class='ocrx_word' id='word_1_221' title='bbox 528 2023 682 2093; x_wconf 89' lang='lat' dir='ltr'><strong>explicabis</strong></span> <span class='ocrx_word' id='word_1_222' title='bbox 695 2023 731 2078; x_wconf 91' lang='lat' dir='ltr'><strong>de</strong></span> <span class='ocrx_word' id='word_1_223' title='bbox 742 2024 854 2076; x_wconf 83' lang='lat' dir='ltr'><strong>Helena</strong></span> <span class='ocrx_word' id='word_1_224' title='bbox 872 2038 944 2093; x_wconf 92' lang='lat' dir='ltr'><strong>quae</strong></span> <span class='ocrx_word' id='word_1_225' title='bbox 957 2029 1021 2090; x_wconf 94' lang='lat' dir='ltr'><strong>post</strong></span> <span class='ocrx_word' id='word_1_226' title='bbox 1035 2019 1145 2075; x_wconf 90' lang='lat' dir='ltr'><strong>Paridis</strong></span> <span class='ocrx_word' id='word_1_227' title='bbox 1157 2029 1279 2074; x_wconf 93' lang='lat' dir='ltr'><strong>mortem</strong></span> 
     </span>
     <span class='ocr_line' id='line_1_24' title="bbox 127 2090 1279 2164; baseline -0.001 -19"><span class='ocrx_word' id='word_1_228' title='bbox 127 2091 205 2146; x_wconf 84' lang='lat' dir='ltr'><strong>fratri</strong></span> <span class='ocrx_word' id='word_1_229' title='bbox 225 2092 285 2147; x_wconf 92' lang='lat' dir='ltr'><strong>eius</strong></span> <span class='ocrx_word' id='word_1_230' title='bbox 299 2093 453 2163; x_wconf 90' lang='lat' dir='ltr'><strong>Deiphobo</strong></span> <span class='ocrx_word' id='word_1_231' title='bbox 471 2093 574 2164; x_wconf 91' lang='lat' dir='ltr'><strong>nupsit,</strong></span> <span class='ocrx_word' id='word_1_232' title='bbox 588 2095 686 2148; x_wconf 79' lang='lat' dir='ltr'><strong>Locris</strong></span> <span class='ocrx_word' id='word_1_233' title='bbox 698 2103 794 2147; x_wconf 89' lang='lat' dir='ltr'><strong>autem</strong></span> <span class='ocrx_word' id='word_1_234' title='bbox 813 2093 873 2147; x_wconf 89' lang='lat' dir='ltr'><strong>siue</strong></span> <span class='ocrx_word' id='word_1_235' title='bbox 892 2092 928 2146; x_wconf 88' lang='lat' dir='ltr'><strong>ob</strong></span> <span class='ocrx_word' id='word_1_236' title='bbox 947 2091 1095 2161; x_wconf 86' lang='lat' dir='ltr'><strong>perfidiam</strong></span> <span class='ocrx_word' id='word_1_237' title='bbox 1114 2107 1148 2144; x_wconf 94' lang='lat' dir='ltr'><strong>ac</strong></span> <span class='ocrx_word' id='word_1_238' title='bbox 1165 2090 1279 2145; x_wconf 86' lang='lat' dir='ltr'><strong>fraudes</strong></span> 
     </span>
     <span class='ocr_line' id='line_1_25' title="bbox 127 2161 1278 2235; baseline -0.002 -19"><span class='ocrx_word' id='word_1_239' title='bbox 127 2162 269 2229; x_wconf 86' lang='lat' dir='ltr'><strong>(Eustath.</strong></span> <span class='ocrx_word' id='word_1_240' title='bbox 285 2176 345 2232; x_wconf 82' lang='lat'><strong>275.</strong></span> <span class='ocrx_word' id='word_1_241' title='bbox 358 2179 393 2230; x_wconf 89' lang='grc'><strong>44</strong></span> <span class='ocrx_word' id='word_1_242' title='bbox 406 2169 510 2235; x_wconf 82' lang='grc' dir='ltr'>Λοκρῶν</span> <span class='ocrx_word' id='word_1_243' title='bbox 522 2163 636 2232; x_wconf 75' lang='grc' dir='ltr'>ξύνθημα</span> <span class='ocrx_word' id='word_1_244' title='bbox 649 2165 691 2218; x_wconf 78' lang='grc' dir='ltr'>ε’πὶ</span> <span class='ocrx_word' id='word_1_245' title='bbox 704 2163 863 2230; x_wconf 82' lang='grc' dir='ltr'><em>ἀπατεώνων,</em></span> <span class='ocrx_word' id='word_1_246' title='bbox 875 2163 909 2217; x_wconf 82' lang='lat' dir='ltr'><strong>cf.</strong></span> <span class='ocrx_word' id='word_1_247' title='bbox 923 2163 1051 2232; x_wconf 81' lang='lat' dir='ltr'><strong>Apostol.</strong></span> <span class='ocrx_word' id='word_1_248' title='bbox 1061 2181 1085 2218; x_wconf 88' lang='lat' dir='ltr'><strong>x.</strong></span> <span class='ocrx_word' id='word_1_249' title='bbox 1098 2162 1132 2227; x_wconf 87' lang='lat'><strong>76</strong></span> <span class='ocrx_word' id='word_1_250' title='bbox 1143 2161 1278 2227; x_wconf 85' lang='lat' dir='ltr'><strong>Leutsch)</strong></span> 
     </span>
     <span class='ocr_line' id='line_1_26' title="bbox 126 2231 1279 2305; baseline 0.001 -20"><span class='ocrx_word' id='word_1_251' title='bbox 126 2231 187 2288; x_wconf 90' lang='lat' dir='ltr'><strong>siue</strong></span> <span class='ocrx_word' id='word_1_252' title='bbox 207 2233 244 2287; x_wconf 92' lang='lat' dir='ltr'><strong>ob</strong></span> <span class='ocrx_word' id='word_1_253' title='bbox 263 2233 458 2303; x_wconf 87' lang='lat' dir='ltr'><strong>inpudicitiam</strong></span> <span class='ocrx_word' id='word_1_254' title='bbox 479 2235 593 2304; x_wconf 90' lang='lat' dir='ltr'><strong>(Athen.</strong></span> <span class='ocrx_word' id='word_1_255' title='bbox 609 2235 662 2305; x_wconf 87' lang='lat'><strong>639</strong></span> <span class='ocrx_word' id='word_1_256' title='bbox 674 2237 708 2303; x_wconf 91' lang='lat' dir='ltr'><strong>A,</strong></span> <span class='ocrx_word' id='word_1_257' title='bbox 726 2235 777 2304; x_wconf 88' lang='lat'><strong>697</strong></span> <span class='ocrx_word' id='word_1_258' title='bbox 792 2234 827 2303; x_wconf 87' lang='grc' dir='ltr'><strong>Β)</strong></span> <span class='ocrx_word' id='word_1_259' title='bbox 846 2233 941 2288; x_wconf 89' lang='lat' dir='ltr'><strong>uocari</strong></span> <span class='ocrx_word' id='word_1_260' title='bbox 961 2232 1071 2288; x_wconf 93' lang='lat' dir='ltr'><strong>meruit.</strong></span> <span class='ocrx_word' id='word_1_261' title='bbox 1109 2234 1186 2286; x_wconf 90' lang='lat' dir='ltr'><strong>Nam</strong></span> <span class='ocrx_word' id='word_1_262' title='bbox 1207 2232 1279 2286; x_wconf 90' lang='lat' dir='ltr'><strong>haec</strong></span> 
     </span>
     <span class='ocr_line' id='line_1_27' title="bbox 126 2303 1278 2375; baseline 0.001 -19"><span class='ocrx_word' id='word_1_263' title='bbox 126 2319 247 2373; x_wconf 92' lang='lat' dir='ltr'><strong>quoque,</strong></span> <span class='ocrx_word' id='word_1_264' title='bbox 269 2313 342 2360; x_wconf 92' lang='lat' dir='ltr'><strong>teste</strong></span> <span class='ocrx_word' id='word_1_265' title='bbox 365 2307 508 2374; x_wconf 88' lang='lat' dir='ltr'><strong>Polyaeno</strong></span> <span class='ocrx_word' id='word_1_266' title='bbox 530 2305 545 2359; x_wconf 96' lang='lat' dir='ltr'><strong>i.</strong></span> <span class='ocrx_word' id='word_1_267' title='bbox 567 2321 592 2375; x_wconf 89' lang='lat'><strong>9,</strong></span> <span class='ocrx_word' id='word_1_268' title='bbox 614 2306 682 2360; x_wconf 92' lang='lat' dir='ltr'><strong>dum</strong></span> <span class='ocrx_word' id='word_1_269' title='bbox 706 2306 743 2361; x_wconf 90' lang='lat' dir='ltr'><strong>ab</strong></span> <span class='ocrx_word' id='word_1_270' title='bbox 765 2307 896 2375; x_wconf 88' lang='lat' dir='ltr'><strong>Aegypto</strong></span> <span class='ocrx_word' id='word_1_271' title='bbox 917 2321 982 2359; x_wconf 93' lang='lat' dir='ltr'><strong>cum</strong></span> <span class='ocrx_word' id='word_1_272' title='bbox 1009 2305 1142 2359; x_wconf 90' lang='lat' dir='ltr'><strong>Menelao</strong></span> <span class='ocrx_word' id='word_1_273' title='bbox 1166 2303 1278 2358; x_wconf 92' lang='lat' dir='ltr'><strong>rediens</strong></span> 
     </span>
     <span class='ocr_line' id='line_1_28' title="bbox 128 2373 1279 2446; baseline 0.001 -20"><span class='ocrx_word' id='word_1_274' title='bbox 128 2374 262 2428; x_wconf 91' lang='lat' dir='ltr'><strong>Rhodum</strong></span> <span class='ocrx_word' id='word_1_275' title='bbox 284 2375 415 2445; x_wconf 90' lang='lat' dir='ltr'><strong>applicat,</strong></span> <span class='ocrx_word' id='word_1_276' title='bbox 438 2376 495 2431; x_wconf 88' lang='lat' dir='ltr'><strong>iam</strong></span> <span class='ocrx_word' id='word_1_277' title='bbox 517 2376 545 2430; x_wconf 93' lang='lat' dir='ltr'><strong>in</strong></span> <span class='ocrx_word' id='word_1_278' title='bbox 567 2394 602 2431; x_wconf 90' lang='lat' dir='ltr'><strong>eo</strong></span> <span class='ocrx_word' id='word_1_279' title='bbox 623 2385 683 2432; x_wconf 91' lang='lat' dir='ltr'><strong>erat</strong></span> <span class='ocrx_word' id='word_1_280' title='bbox 705 2387 735 2431; x_wconf 90' lang='lat' dir='ltr'><strong>ut</strong></span> <span class='ocrx_word' id='word_1_281' title='bbox 758 2393 775 2430; x_wconf 91' lang='lat' dir='ltr'><strong>a</strong></span> <span class='ocrx_word' id='word_1_282' title='bbox 797 2375 917 2431; x_wconf 93' lang='lat' dir='ltr'><strong>Rhodiis</strong></span> <span class='ocrx_word' id='word_1_283' title='bbox 939 2375 1144 2446; x_wconf 89' lang='lat' dir='ltr'><strong>opprimeretur</strong></span> <span class='ocrx_word' id='word_1_284' title='bbox 1164 2373 1222 2443; x_wconf 84' lang='lat' dir='ltr'><strong>igni</strong></span> <span class='ocrx_word' id='word_1_285' title='bbox 1245 2391 1279 2428; x_wconf 90' lang='lat' dir='ltr'><strong>ac</strong></span> 
     </span>
     <span class='ocr_line' id='line_1_29' title="bbox 126 2443 1279 2517; baseline 0.003 -21"><span class='ocrx_word' id='word_1_286' title='bbox 126 2443 276 2513; x_wconf 88' lang='lat' dir='ltr'><strong>lapidibus,</strong></span> <span class='ocrx_word' id='word_1_287' title='bbox 296 2445 350 2499; x_wconf 89' lang='lat' dir='ltr'><strong>nisi</strong></span> <span class='ocrx_word' id='word_1_288' title='bbox 373 2457 486 2517; x_wconf 87' lang='lat' dir='ltr'><strong>sumpta</strong></span> <span class='ocrx_word' id='word_1_289' title='bbox 506 2458 588 2502; x_wconf 91' lang='lat' dir='ltr'><strong>uesta</strong></span> <span class='ocrx_word' id='word_1_290' title='bbox 609 2447 728 2502; x_wconf 89' lang='lat' dir='ltr'><strong>ancillae</strong></span> <span class='ocrx_word' id='word_1_291' title='bbox 750 2445 975 2516; x_wconf 87' lang='lat' dir='ltr'><strong>adgredientium</strong></span> <span class='ocrx_word' id='word_1_292' title='bbox 996 2445 1054 2500; x_wconf 92' lang='lat' dir='ltr'><strong>uim</strong></span> <span class='ocrx_word' id='word_1_293' title='bbox 1077 2445 1188 2500; x_wconf 88' lang='lat' dir='ltr'><strong>ineam</strong></span> <span class='ocrx_word' id='word_1_294' title='bbox 1208 2462 1226 2500; x_wconf 93' lang='lat' dir='ltr'><strong>a</strong></span> <span class='ocrx_word' id='word_1_295' title='bbox 1247 2462 1279 2500; x_wconf 88' lang='lat' dir='ltr'><strong>se</strong></span> 
     </span>
     <span class='ocr_line' id='line_1_30' title="bbox 126 2515 1279 2586; baseline 0.003 -18"><span class='ocrx_word' id='word_1_296' title='bbox 126 2515 282 2570; x_wconf 87' lang='lat' dir='ltr'><strong>auertisset.</strong></span> <span class='ocrx_word' id='word_1_297' title='bbox 321 2517 401 2586; x_wconf 88' lang='lat' dir='ltr'><strong>Quae</strong></span> <span class='ocrx_word' id='word_1_298' title='bbox 417 2517 440 2571; x_wconf 94' lang='lat' dir='ltr'><strong>si</strong></span> <span class='ocrx_word' id='word_1_299' title='bbox 453 2535 521 2572; x_wconf 90' lang='lat' dir='ltr'><strong>uera</strong></span> <span class='ocrx_word' id='word_1_300' title='bbox 533 2528 576 2572; x_wconf 92' lang='lat' dir='ltr'><strong>est</strong></span> <span class='ocrx_word' id='word_1_301' title='bbox 594 2518 742 2585; x_wconf 90' lang='lat' dir='ltr'><strong>sententia,</strong></span> <span class='ocrx_word' id='word_1_302' title='bbox 756 2517 788 2571; x_wconf 91' lang='lat' dir='ltr'><strong>in</strong></span> <span class='ocrx_word' id='word_1_303' title='bbox 807 2518 949 2572; x_wconf 89' lang='lat' dir='ltr'><strong>ancillae</strong></span> <span class='ocrx_word' id='word_1_304' title='bbox 968 2516 1180 2571; x_wconf 90' lang='lat' dir='ltr'><strong>dissimulata</strong></span> <span class='ocrx_word' id='word_1_305' title='bbox 1198 2533 1279 2571; x_wconf 91' lang='lat' dir='ltr'><strong>nece</strong></span> 
     </span>
     <span class='ocr_line' id='line_1_31' title="bbox 126 2586 1279 2659; baseline 0.001 -20"><span class='ocrx_word' id='word_1_306' title='bbox 126 2603 177 2653; x_wconf 94' lang='lat' dir='ltr'><strong>pro</strong></span> <span class='ocrx_word' id='word_1_307' title='bbox 190 2587 339 2655; x_wconf 88' lang='lat' dir='ltr'><strong>epexegesi</strong></span> <span class='ocrx_word' id='word_1_308' title='bbox 354 2588 503 2642; x_wconf 91' lang='lat' dir='ltr'><strong>Locridis</strong></span> <span class='ocrx_word' id='word_1_309' title='bbox 516 2589 625 2643; x_wconf 88' lang='lat' dir='ltr'><strong>addidit</strong></span> <span class='ocrx_word' id='word_1_310' title='bbox 638 2589 719 2659; x_wconf 87' lang='lat' dir='ltr'><strong>quasi</strong></span> <span class='ocrx_word' id='word_1_311' title='bbox 732 2588 838 2644; x_wconf 89' lang='lat' dir='ltr'><strong>diceret</strong></span> <span class='ocrx_word' id='word_1_312' title='bbox 851 2589 936 2659; x_wconf 91' lang='lat' dir='ltr'><strong>‘quae</strong></span> <span class='ocrx_word' id='word_1_313' title='bbox 949 2605 1031 2643; x_wconf 91' lang='lat' dir='ltr'><strong>ueros</strong></span> <span class='ocrx_word' id='word_1_314' title='bbox 1044 2604 1137 2641; x_wconf 89' lang='lat' dir='ltr'><strong>mores</strong></span> <span class='ocrx_word' id='word_1_315' title='bbox 1152 2586 1279 2640; x_wconf 89' lang='lat' dir='ltr'><strong>Locridis</strong></span> 
     </span>
     <span class='ocr_line' id='line_1_32' title="bbox 125 2656 1279 2729; baseline 0.003 -21"><span class='ocrx_word' id='word_1_316' title='bbox 125 2656 273 2723; x_wconf 85' lang='lat' dir='ltr'><strong>referebat,</strong></span> <span class='ocrx_word' id='word_1_317' title='bbox 289 2657 468 2713; x_wconf 88' lang='lat' dir='ltr'><strong>simulatione</strong></span> <span class='ocrx_word' id='word_1_318' title='bbox 487 2676 543 2729; x_wconf 92' lang='lat' dir='ltr'><strong>qua</strong></span> <span class='ocrx_word' id='word_1_319' title='bbox 562 2659 681 2714; x_wconf 88' lang='lat' dir='ltr'><strong>ancillae</strong></span> <span class='ocrx_word' id='word_1_320' title='bbox 698 2676 850 2729; x_wconf 91' lang='lat' dir='ltr'><strong>personam</strong></span> <span class='ocrx_word' id='word_1_321' title='bbox 869 2659 897 2713; x_wconf 92' lang='lat' dir='ltr'><strong>in</strong></span> <span class='ocrx_word' id='word_1_322' title='bbox 916 2676 947 2714; x_wconf 91' lang='lat' dir='ltr'><strong>se</strong></span> <span class='ocrx_word' id='word_1_323' title='bbox 966 2656 1094 2728; x_wconf 93' lang='lat' dir='ltr'><strong>sumpsit,</strong></span> <span class='ocrx_word' id='word_1_324' title='bbox 1113 2675 1193 2712; x_wconf 90' lang='lat' dir='ltr'><strong>suam</strong></span> <span class='ocrx_word' id='word_1_325' title='bbox 1212 2657 1279 2712; x_wconf 90' lang='lat' dir='ltr'><strong>huic</strong></span> 
     </span>
     <span class='ocr_line' id='line_1_33' title="bbox 124 2727 1279 2799; baseline 0.003 -20"><span class='ocrx_word' id='word_1_326' title='bbox 124 2727 275 2796; x_wconf 91' lang='lat' dir='ltr'><strong>transtulit,</strong></span> <span class='ocrx_word' id='word_1_327' title='bbox 289 2738 318 2783; x_wconf 92' lang='lat' dir='ltr'><strong>ut</strong></span> <span class='ocrx_word' id='word_1_328' title='bbox 337 2729 452 2784; x_wconf 86' lang='lat' dir='ltr'><strong>mutatis</strong></span> <span class='ocrx_word' id='word_1_329' title='bbox 470 2729 592 2784; x_wconf 92' lang='lat' dir='ltr'><strong>inuicem</strong></span> <span class='ocrx_word' id='word_1_330' title='bbox 609 2730 734 2785; x_wconf 90' lang='lat' dir='ltr'><strong>uestibus</strong></span> <span class='ocrx_word' id='word_1_331' title='bbox 750 2730 853 2784; x_wconf 90' lang='lat' dir='ltr'><strong>ancilla</strong></span> <span class='ocrx_word' id='word_1_332' title='bbox 870 2739 1032 2797; x_wconf 89' lang='lat' dir='ltr'><strong>moreretur,</strong></span> <span class='ocrx_word' id='word_1_333' title='bbox 1049 2729 1111 2799; x_wconf 83' lang='lat' dir='ltr'><strong>ipsa</strong></span> <span class='ocrx_word' id='word_1_334' title='bbox 1129 2727 1279 2782; x_wconf 88' lang='lat' dir='ltr'><strong>incolumis</strong></span> 
     </span>
     <span class='ocr_line' id='line_1_34' title="bbox 126 2798 1278 2869; baseline 0.001 -18"><span class='ocrx_word' id='word_1_335' title='bbox 126 2798 276 2853; x_wconf 67' lang='lat' dir='ltr'><strong>euaderet!</strong></span> <span class='ocrx_word' id='word_1_336' title='bbox 313 2800 397 2869; x_wconf 90' lang='lat' dir='ltr'><strong>Quod</strong></span> <span class='ocrx_word' id='word_1_337' title='bbox 415 2800 439 2854; x_wconf 89' lang='lat' dir='ltr'><strong>si</strong></span> <span class='ocrx_word' id='word_1_338' title='bbox 459 2801 503 2854; x_wconf 93' lang='lat' dir='ltr'><strong>cui</strong></span> <span class='ocrx_word' id='word_1_339' title='bbox 522 2800 619 2855; x_wconf 90' lang='lat' dir='ltr'><strong>durius</strong></span> <span class='ocrx_word' id='word_1_340' title='bbox 638 2801 786 2869; x_wconf 90' lang='lat' dir='ltr'><strong>uidebitur,</strong></span> <span class='ocrx_word' id='word_1_341' title='bbox 805 2801 909 2855; x_wconf 89' lang='lat' dir='ltr'><strong>scribat</strong></span> <span class='ocrx_word' id='word_1_342' title='bbox 930 2800 1048 2867; x_wconf 91' lang='lat' dir='ltr'><strong>Latris,</strong></span> <span class='ocrx_word' id='word_1_343' title='bbox 1067 2798 1144 2869; x_wconf 91' lang='lat' dir='ltr'><strong>quod</strong></span> <span class='ocrx_word' id='word_1_344' title='bbox 1163 2799 1278 2869; x_wconf 90' lang='lat' dir='ltr'><strong>Phillip·</strong></span> 
     </span>
     <span class='ocr_line' id='line_1_35' title="bbox 126 2867 1278 2941; baseline 0.002 -20"><span class='ocrx_word' id='word_1_345' title='bbox 126 2867 181 2937; x_wconf 92' lang='lat' dir='ltr'><strong>pici</strong></span> <span class='ocrx_word' id='word_1_346' title='bbox 207 2868 315 2924; x_wconf 90' lang='lat' dir='ltr'><strong>scholio</strong></span> <span class='ocrx_word' id='word_1_347' title='bbox 336 2871 454 2926; x_wconf 89' lang='lat' dir='ltr'><strong>subesse</strong></span> <span class='ocrx_word' id='word_1_348' title='bbox 475 2870 614 2939; x_wconf 89' lang='lat' dir='ltr'><strong>existimo,</strong></span> <span class='ocrx_word' id='word_1_349' title='bbox 636 2873 743 2927; x_wconf 83' lang='lat' dir='ltr'><strong>ancilla</strong></span> <span class='ocrx_word' id='word_1_350' title='bbox 762 2872 901 2941; x_wconf 81' lang='lat' dir='ltr'><strong>siquidem</strong></span> <span class='ocrx_word' id='word_1_351' title='bbox 922 2871 1005 2925; x_wconf 81' lang='lat' dir='ltr'><strong>locrz&#39;s</strong></span> <span class='ocrx_word' id='word_1_352' title='bbox 1028 2871 1057 2940; x_wconf 91' lang='lat' dir='ltr'><strong>(l.</strong></span> <span class='ocrx_word' id='word_1_353' title='bbox 1079 2869 1175 2938; x_wconf 83' lang='lat' dir='ltr'><strong>latm&#39;s)</strong></span> <span class='ocrx_word' id='word_1_354' title='bbox 1198 2887 1278 2924; x_wconf 85' lang='lat' dir='ltr'><strong>uoca-</strong></span> 
     </span>
     <span class='ocr_line' id='line_1_36' title="bbox 125 2939 1278 3012; baseline 0.002 -20"><span class='ocrx_word' id='word_1_355' title='bbox 125 2939 216 2994; x_wconf 80' lang='lat' dir='ltr'><strong>batur.</strong></span> <span class='ocrx_word' id='word_1_356' title='bbox 256 2942 379 3009; x_wconf 87' lang='lat' dir='ltr'><strong>Hesych.</strong></span> <span class='ocrx_word' id='word_1_357' title='bbox 393 2943 484 3009; x_wconf 80' lang='grc' dir='ltr'>λάτρις</span> <span class='ocrx_word' id='word_1_358' title='bbox 500 2941 647 3012; x_wconf 81' lang='grc' dir='ltr'>θεραπαίνη,</span> <span class='ocrx_word' id='word_1_359' title='bbox 659 2943 781 3010; x_wconf 79' lang='grc' dir='ltr'>παιδίσκη</span> <span class='ocrx_word' id='word_1_360' title='bbox 794 2942 967 3011; x_wconf 80' lang='grc' dir='ltr'>ὑπηρετοῦσα,</span> <span class='ocrx_word' id='word_1_361' title='bbox 979 2939 994 3008; x_wconf 80' lang='grc' dir='ltr'>ἢ</span> <span class='ocrx_word' id='word_1_362' title='bbox 1008 2939 1095 3007; x_wconf 88' lang='grc' dir='ltr'>δούλη.</span> <span class='ocrx_word' id='word_1_363' title='bbox 1134 2943 1210 2994; x_wconf 89' lang='lat' dir='ltr'><strong>Nam</strong></span> <span class='ocrx_word' id='word_1_364' title='bbox 1222 2942 1278 2994; x_wconf 88' lang='lat' dir='ltr'><strong>hoc</strong></span> 
     </span>
     <span class='ocr_line' id='line_1_37' title="bbox 125 3010 1277 3084; baseline 0.003 -22"><span class='ocrx_word' id='word_1_365' title='bbox 125 3010 213 3063; x_wconf 90' lang='lat' dir='ltr'><strong>uerbo</strong></span> <span class='ocrx_word' id='word_1_366' title='bbox 235 3020 310 3066; x_wconf 88' lang='lat' dir='ltr'><strong>recte</strong></span> <span class='ocrx_word' id='word_1_367' title='bbox 334 3013 446 3067; x_wconf 90' lang='lat' dir='ltr'><strong>Helena</strong></span> <span class='ocrx_word' id='word_1_368' title='bbox 467 3023 613 3084; x_wconf 88' lang='lat' dir='ltr'><strong>tamquam</strong></span> <span class='ocrx_word' id='word_1_369' title='bbox 636 3015 856 3083; x_wconf 85' lang='lat' dir='ltr'><strong>Therapnaea</strong></span> <span class='ocrx_word' id='word_1_370' title='bbox 877 3013 922 3081; x_wconf 90' lang='lat' dir='ltr'><strong>(A.</strong></span> <span class='ocrx_word' id='word_1_371' title='bbox 943 3013 977 3066; x_wconf 88' lang='lat' dir='ltr'><strong>A.</strong></span> <span class='ocrx_word' id='word_1_372' title='bbox 997 3010 1035 3064; x_wconf 92' lang='lat' dir='ltr'><strong>iii.</strong></span> <span class='ocrx_word' id='word_1_373' title='bbox 1057 3011 1112 3080; x_wconf 81' lang='lat'><strong>49)·</strong></span> <span class='ocrx_word' id='word_1_374' title='bbox 1125 3010 1277 3079; x_wconf 89' lang='lat' dir='ltr'><strong>significari</strong></span> 
     </span>
     <span class='ocr_line' id='line_1_38' title="bbox 125 3080 1279 3154; baseline 0.002 -21"><span class='ocrx_word' id='word_1_375' title='bbox 125 3080 233 3148; x_wconf 85' lang='lat' dir='ltr'><strong>potuit:</strong></span> <span class='ocrx_word' id='word_1_376' title='bbox 253 3092 306 3147; x_wconf 49' lang='lat' dir='ltr'><strong>est,</strong></span> <span class='ocrx_word' id='word_1_377' title='bbox 316 3081 392 3137; x_wconf 88' lang='lat' dir='ltr'><strong>enlm</strong></span> <span class='ocrx_word' id='word_1_378' title='bbox 405 3082 517 3151; x_wconf 88' lang='grc' dir='ltr'>θεράπνη</span> <span class='ocrx_word' id='word_1_379' title='bbox 534 3084 689 3154; x_wconf 76' lang='grc' dir='ltr'>θεραπαινίς,</span> <span class='ocrx_word' id='word_1_380' title='bbox 702 3083 781 3151; x_wconf 80' lang='grc' dir='ltr'>δούλη</span> <span class='ocrx_word' id='word_1_381' title='bbox 798 3082 948 3152; x_wconf 84' lang='lat' dir='ltr'><strong>(Hesych.)</strong></span> <span class='ocrx_word' id='word_1_382' title='bbox 963 3091 990 3137; x_wconf 88' lang='lat' dir='ltr'><strong>et</strong></span> <span class='ocrx_word' id='word_1_383' title='bbox 1007 3082 1126 3151; x_wconf 84' lang='grc' dir='ltr'>θεράπνη</span> <span class='ocrx_word' id='word_1_384' title='bbox 1139 3080 1220 3148; x_wconf 81' lang='grc' dir='ltr'>ὄνομα</span> <span class='ocrx_word' id='word_1_385' title='bbox 1231 3083 1279 3149; x_wconf 79' lang='grc' dir='ltr'><strong>μὲν</strong></span> 
     </span>
     <span class='ocr_line' id='line_1_39' title="bbox 124 3149 1279 3223; baseline 0.003 -21"><span class='ocrx_word' id='word_1_386' title='bbox 124 3151 160 3221; x_wconf 76' lang='grc' dir='ltr'><strong>τῷ</strong></span> <span class='ocrx_word' id='word_1_387' title='bbox 179 3151 266 3223; x_wconf 83' lang='grc' dir='ltr'>χωρίῳ</span> <span class='ocrx_word' id='word_1_388' title='bbox 283 3153 398 3223; x_wconf 84' lang='grc' dir='ltr'>γέγονεν,</span> <span class='ocrx_word' id='word_1_389' title='bbox 411 3154 544 3208; x_wconf 85' lang='grc' dir='ltr'>Μενελάου</span> <span class='ocrx_word' id='word_1_390' title='bbox 563 3155 593 3208; x_wconf 79' lang='grc' dir='ltr'><strong>δέ</strong></span> <span class='ocrx_word' id='word_1_391' title='bbox 610 3155 683 3208; x_wconf 87' lang='grc' dir='ltr'>ε’στιν</span> <span class='ocrx_word' id='word_1_392' title='bbox 701 3154 730 3208; x_wconf 86' lang='grc' dir='ltr'><strong>ε’ν</strong></span> <span class='ocrx_word' id='word_1_393' title='bbox 746 3154 810 3222; x_wconf 71' lang='grc' dir='ltr'>αὐτῇ</span> <span class='ocrx_word' id='word_1_394' title='bbox 828 3155 895 3220; x_wconf 82' lang='grc' dir='ltr'>ναός,</span> <span class='ocrx_word' id='word_1_395' title='bbox 909 3152 950 3206; x_wconf 85' lang='grc' dir='ltr'><strong>καὶ</strong></span> <span class='ocrx_word' id='word_1_396' title='bbox 963 3150 1096 3205; x_wconf 75' lang='grc' dir='ltr'>Μενέλαον</span> <span class='ocrx_word' id='word_1_397' title='bbox 1114 3152 1154 3204; x_wconf 83' lang='grc' dir='ltr'><strong>καὶ</strong></span> <span class='ocrx_word' id='word_1_398' title='bbox 1170 3149 1279 3220; x_wconf 82' lang='grc' dir='ltr'>Ἐλένην</span> 
     </span>
     <span class='ocr_line' id='line_1_40' title="bbox 123 3220 1278 3295; baseline 0.003 -22"><span class='ocrx_word' id='word_1_399' title='bbox 123 3220 233 3274; x_wconf 75' lang='grc' dir='ltr'>ἐνταῦθα</span> <span class='ocrx_word' id='word_1_400' title='bbox 251 3224 363 3292; x_wconf 77' lang='grc' dir='ltr'>ταφῆναι</span> <span class='ocrx_word' id='word_1_401' title='bbox 380 3223 491 3293; x_wconf 81' lang='grc' dir='ltr'>λέγουσι</span> <span class='ocrx_word' id='word_1_402' title='bbox 511 3224 604 3289; x_wconf 83' lang='lat' dir='ltr'><strong>(Paus.</strong></span> <span class='ocrx_word' id='word_1_403' title='bbox 624 3225 660 3280; x_wconf 88' lang='lat' dir='ltr'><strong>iil.</strong></span> <span class='ocrx_word' id='word_1_404' title='bbox 679 3241 717 3295; x_wconf 88' lang='lat'><strong>19.</strong></span> <span class='ocrx_word' id='word_1_405' title='bbox 731 3224 769 3295; x_wconf 85' lang='grc'>9)..</span> <span class='ocrx_word' id='word_1_406' title='bbox 808 3227 907 3294; x_wconf 81' lang='lat' dir='ltr'><strong>Itaque</strong></span> <span class='ocrx_word' id='word_1_407' title='bbox 926 3225 1026 3277; x_wconf 75' lang='lat' dir='ltr'><strong>Latn&#39;s</strong></span> <span class='ocrx_word' id='word_1_408' title='bbox 1044 3222 1060 3277; x_wconf 83' lang='lat' dir='ltr'><strong>l.</strong></span> <span class='ocrx_word' id='word_1_409' title='bbox 1070 3239 1096 3292; x_wconf 92' lang='lat' dir='ltr'><strong>q.</strong></span> <span class='ocrx_word' id='word_1_410' title='bbox 1120 3223 1148 3275; x_wconf 86' lang='lat' dir='ltr'><em>T</em></span> <span class='ocrx_word' id='word_1_411' title='bbox 1143 3221 1278 3293; x_wconf 58' lang='lat' dir='ltr'><strong>herapnzlt</strong></span> 
     </span>
     <span class='ocr_line' id='line_1_41' title="bbox 124 3292 1278 3366; baseline 0.005 -22"><span class='ocrx_word' id='word_1_412' title='bbox 124 3292 152 3346; x_wconf 90' lang='lat' dir='ltr'><strong>h.</strong></span> <span class='ocrx_word' id='word_1_413' title='bbox 165 3309 188 3346; x_wconf 93' lang='lat' dir='ltr'><strong>e.</strong></span> <span class='ocrx_word' id='word_1_414' title='bbox 210 3292 249 3361; x_wconf 90' lang='lat'><strong>(1)</strong></span> <span class='ocrx_word' id='word_1_415' title='bbox 271 3295 382 3349; x_wconf 92' lang='lat' dir='ltr'><strong>Helena</strong></span> <span class='ocrx_word' id='word_1_416' title='bbox 400 3312 468 3348; x_wconf 80' lang='lat' dir='ltr'><strong>mre</strong></span> <span class='ocrx_word' id='word_1_417' title='bbox 490 3296 671 3366; x_wconf 72' lang='lat' dir='ltr'><strong>Therapnaeo</strong></span> <span class='ocrx_word' id='word_1_418' title='bbox 688 3302 759 3350; x_wconf 79' lang='lat' dir='ltr'><strong>nata</strong></span> <span class='ocrx_word' id='word_1_419' title='bbox 778 3296 860 3364; x_wconf 90' lang='lat' dir='ltr'><strong>(Her.</strong></span> <span class='ocrx_word' id='word_1_420' title='bbox 873 3294 926 3349; x_wconf 88' lang='lat' dir='ltr'><strong>xvi.</strong></span> <span class='ocrx_word' id='word_1_421' title='bbox 945 3293 1013 3363; x_wconf 87' lang='lat'><strong>196),</strong></span> <span class='ocrx_word' id='word_1_422' title='bbox 1027 3293 1066 3361; x_wconf 85' lang='lat'><strong>(2)</strong></span> <span class='ocrx_word' id='word_1_423' title='bbox 1086 3293 1197 3360; x_wconf 89' lang='lat' dir='ltr'><strong>ancilla,</strong></span> <span class='ocrx_word' id='word_1_424' title='bbox 1216 3293 1278 3350; x_wconf 92' lang='lat' dir='ltr'><strong>siue</strong></span> 
     </span>
     <span class='ocr_line' id='line_1_42' title="bbox 124 3363 1276 3436; baseline 0.002 -20"><span class='ocrx_word' id='word_1_425' title='bbox 124 3378 197 3431; x_wconf 91' lang='lat' dir='ltr'><strong>quae</strong></span> <span class='ocrx_word' id='word_1_426' title='bbox 210 3363 329 3435; x_wconf 90' lang='lat' dir='ltr'><strong>ancillae</strong></span> <span class='ocrx_word' id='word_1_427' title='bbox 342 3374 436 3420; x_wconf 93' lang='lat' dir='ltr'><strong>uestes</strong></span> <span class='ocrx_word' id='word_1_428' title='bbox 454 3367 573 3436; x_wconf 92' lang='lat' dir='ltr'><strong>sumpsit</strong></span> <span class='ocrx_word' id='word_1_429' title='bbox 591 3375 618 3421; x_wconf 94' lang='lat' dir='ltr'><strong>et</strong></span> <span class='ocrx_word' id='word_1_430' title='bbox 636 3367 677 3420; x_wconf 88' lang='lat' dir='ltr'><strong>sic</strong></span> <span class='ocrx_word' id='word_1_431' title='bbox 694 3378 814 3422; x_wconf 89' lang='lat' dir='ltr'><strong>mortem</strong></span> <span class='ocrx_word' id='word_1_432' title='bbox 831 3365 937 3435; x_wconf 87' lang='lat' dir='ltr'><strong>effugit.</strong></span> <span class='ocrx_word' id='word_1_433' title='bbox 975 3364 1051 3434; x_wconf 92' lang='lat' dir='ltr'><strong>Quid</strong></span> <span class='ocrx_word' id='word_1_434' title='bbox 1065 3364 1171 3434; x_wconf 92' lang='lat' dir='ltr'><strong>quoda</strong></span> <span class='ocrx_word' id='word_1_435' title='bbox 1184 3365 1276 3418; x_wconf 92' lang='lat' dir='ltr'><strong>Theo·</strong></span> 
     </span>
     <span class='ocr_line' id='line_1_43' title="bbox 124 3433 1277 3507; baseline 0.003 -20"><span class='ocrx_word' id='word_1_436' title='bbox 124 3433 206 3488; x_wconf 89' lang='lat' dir='ltr'><strong>decte</strong></span> <span class='ocrx_word' id='word_1_437' title='bbox 216 3434 323 3504; x_wconf 86' lang='lat' dir='ltr'><strong>tragico</strong></span> <span class='ocrx_word' id='word_1_438' title='bbox 333 3435 388 3490; x_wconf 93' lang='lat' dir='ltr'><strong>hoc</strong></span> <span class='ocrx_word' id='word_1_439' title='bbox 397 3436 490 3505; x_wconf 91' lang='lat' dir='ltr'><strong>ipsum</strong></span> <span class='ocrx_word' id='word_1_440' title='bbox 500 3438 589 3507; x_wconf 73' lang='grc' dir='ltr'>λάτρις</span> <span class='ocrx_word' id='word_1_441' title='bbox 599 3438 635 3492; x_wconf 92' lang='lat' dir='ltr'><strong>de</strong></span> <span class='ocrx_word' id='word_1_442' title='bbox 642 3439 753 3492; x_wconf 87' lang='lat' dir='ltr'><strong>Helena</strong></span> <span class='ocrx_word' id='word_1_443' title='bbox 764 3447 928 3507; x_wconf 88' lang='lat' dir='ltr'><strong>usurpatum</strong></span> <span class='ocrx_word' id='word_1_444' title='bbox 938 3446 981 3490; x_wconf 92' lang='lat' dir='ltr'><strong>est</strong></span> <span class='ocrx_word' id='word_1_445' title='bbox 991 3453 1037 3505; x_wconf 90' lang='lat' dir='ltr'><strong>ap.</strong></span> <span class='ocrx_word' id='word_1_446' title='bbox 1045 3434 1161 3490; x_wconf 91' lang='lat' dir='ltr'><strong>Aristot.</strong></span> <span class='ocrx_word' id='word_1_447' title='bbox 1172 3437 1230 3490; x_wconf 94' lang='lat' dir='ltr'><strong>Pol.</strong></span> <span class='ocrx_word' id='word_1_448' title='bbox 1237 3435 1277 3491; x_wconf 87' lang='lat' dir='ltr'><strong>i.6</strong></span> 
     </span>
     <span class='ocr_line' id='line_1_44' title="bbox 124 3502 1244 3578; baseline 0.004 -23"><span class='ocrx_word' id='word_1_449' title='bbox 124 3504 206 3557; x_wconf 85' lang='grc' dir='ltr'>θείων</span> <span class='ocrx_word' id='word_1_450' title='bbox 217 3502 240 3557; x_wconf 77' lang='grc' dir='ltr'><strong>δ’</strong></span> <span class='ocrx_word' id='word_1_451' title='bbox 253 3503 295 3558; x_wconf 80' lang='grc' dir='ltr'><strong>ἀπ’</strong></span> <span class='ocrx_word' id='word_1_452' title='bbox 307 3505 406 3574; x_wconf 76' lang='grc' dir='ltr'>ἀμφοῖν</span> <span class='ocrx_word' id='word_1_453' title='bbox 417 3508 522 3575; x_wconf 76' lang='grc' dir='ltr'>ἔκγονον</span> <span class='ocrx_word' id='word_1_454' title='bbox 535 3507 692 3576; x_wconf 82' lang='grc' dir='ltr'>ῥιζωράτων,</span> <span class='ocrx_word' id='word_1_455' title='bbox 705 3509 748 3564; x_wconf 85' lang='lat' dir='ltr'><strong>Tis</strong></span> <span class='ocrx_word' id='word_1_456' title='bbox 761 3508 791 3560; x_wconf 82' lang='grc' dir='ltr'><strong>δν</strong></span> <span class='ocrx_word' id='word_1_457' title='bbox 802 3510 954 3578; x_wconf 81' lang='grc' dir='ltr'>προσειπεῖν</span> <span class='ocrx_word' id='word_1_458' title='bbox 966 3507 1100 3573; x_wconf 82' lang='grc' dir='ltr'>ἀξιώσειεν</span> <span class='ocrx_word' id='word_1_459' title='bbox 1112 3508 1223 3577; x_wconf 83' lang='grc' dir='ltr'>λάτριν</span> <span class='ocrx_word' id='word_1_460' title='bbox 1236 3528 1244 3572; x_wconf 88' lang='grc'><strong>;</strong></span> 
     </span>
    </p>

    <p class='ocr_par' dir='ltr' id='par_1_7' title="bbox 161 3575 1277 3649">
     <span class='ocr_line' id='line_1_45' title="bbox 161 3575 1277 3649; baseline 0.004 -22"><span class='ocrx_word' id='word_1_461' title='bbox 161 3576 223 3629; x_wconf 90' lang='lat' dir='ltr'><strong>lam</strong></span> <span class='ocrx_word' id='word_1_462' title='bbox 237 3575 309 3631; x_wconf 90' lang='lat' dir='ltr'><strong>inter</strong></span> <span class='ocrx_word' id='word_1_463' title='bbox 321 3577 463 3632; x_wconf 89' lang='lat' dir='ltr'><strong>adulteras</strong></span> <span class='ocrx_word' id='word_1_464' title='bbox 476 3579 553 3632; x_wconf 90' lang='lat' dir='ltr'><strong>nulla</strong></span> <span class='ocrx_word' id='word_1_465' title='bbox 567 3579 679 3634; x_wconf 90' lang='lat' dir='ltr'><strong>Helena</strong></span> <span class='ocrx_word' id='word_1_466' title='bbox 692 3579 834 3648; x_wconf 85' lang='lat' dir='ltr'><strong>famosior,</strong></span> <span class='ocrx_word' id='word_1_467' title='bbox 849 3596 922 3649; x_wconf 92' lang='lat' dir='ltr'><strong>quae</strong></span> <span class='ocrx_word' id='word_1_468' title='bbox 934 3596 992 3633; x_wconf 91' lang='lat' dir='ltr'><strong>non</strong></span> <span class='ocrx_word' id='word_1_469' title='bbox 1006 3579 1097 3632; x_wconf 92' lang='lat' dir='ltr'><strong>solum</strong></span> <span class='ocrx_word' id='word_1_470' title='bbox 1112 3579 1277 3633; x_wconf 89' lang='lat' dir='ltr'><strong>Menelaum</strong></span> 
     </span>
    </p>
   </div>
   <div class='ocr_carea' id='block_1_3' title="bbox 123 3645 1357 3720">
    <p class='ocr_par' dir='ltr' id='par_1_8' title="bbox 123 3645 1357 3720">
     <span class='ocr_line' id='line_1_46' title="bbox 123 3645 1357 3720; baseline 0.006 -24"><span class='ocrx_word' id='word_1_471' title='bbox 123 3645 274 3715; x_wconf 91' lang='lat' dir='ltr'><strong>reliquerit,</strong></span> <span class='ocrx_word' id='word_1_472' title='bbox 286 3647 379 3701; x_wconf 92' lang='lat' dir='ltr'><strong>Paridi</strong></span> <span class='ocrx_word' id='word_1_473' title='bbox 393 3649 527 3718; x_wconf 92' lang='lat' dir='ltr'><strong>nupserit,</strong></span> <span class='ocrx_word' id='word_1_474' title='bbox 536 3649 587 3703; x_wconf 91' lang='lat' dir='ltr'><strong>sed</strong></span> <span class='ocrx_word' id='word_1_475' title='bbox 600 3667 636 3703; x_wconf 91' lang='lat' dir='ltr'><strong>ne</strong></span> <span class='ocrx_word' id='word_1_476' title='bbox 649 3651 703 3703; x_wconf 90' lang='lat' dir='ltr'><strong>hoc</strong></span> <span class='ocrx_word' id='word_1_477' title='bbox 717 3650 832 3720; x_wconf 94' lang='lat' dir='ltr'><strong>quidem</strong></span> <span class='ocrx_word' id='word_1_478' title='bbox 846 3660 980 3705; x_wconf 91' lang='lat' dir='ltr'><strong>contenta</strong></span> <span class='ocrx_word' id='word_1_479' title='bbox 990 3649 1151 3719; x_wconf 90' lang='lat' dir='ltr'><strong>Deiphobo,</strong></span> <span class='ocrx_word' id='word_1_480' title='bbox 1166 3649 1277 3704; x_wconf 90' lang='lat' dir='ltr'><strong>Paridis</strong></span> <span class='ocrx_word' id='word_1_481' title='bbox 1355 3677 1357 3681; x_wconf 96' lang='lat'>·</span> 
     </span>
    </p>
   </div>
   <div class='ocr_carea' id='block_1_4' title="bbox 121 3714 1277 4286">
    <p class='ocr_par' dir='ltr' id='par_1_9' title="bbox 123 3714 1277 3858">
     <span class='ocr_line' id='line_1_47' title="bbox 123 3714 1277 3796; baseline 0.006 -28"><span class='ocrx_word' id='word_1_482' title='bbox 123 3714 209 3796; x_wconf 80' lang='lat' dir='ltr'><strong>fratri,</strong></span> <span class='ocrx_word' id='word_1_483' title='bbox 217 3727 282 3786; x_wconf 93' lang='lat' dir='ltr'><strong>post</strong></span> <span class='ocrx_word' id='word_1_484' title='bbox 294 3717 377 3772; x_wconf 93' lang='lat' dir='ltr'><strong>huius</strong></span> <span class='ocrx_word' id='word_1_485' title='bbox 390 3729 511 3773; x_wconf 87' lang='lat' dir='ltr'><strong>mortem</strong></span> <span class='ocrx_word' id='word_1_486' title='bbox 524 3719 654 3787; x_wconf 90' lang='lat' dir='ltr'><strong>cesserit;</strong></span> <span class='ocrx_word' id='word_1_487' title='bbox 675 3720 858 3791; x_wconf 89' lang='lat' dir='ltr'><strong>Deiphobum</strong></span> <span class='ocrx_word' id='word_1_488' title='bbox 869 3721 990 3792; x_wconf 90' lang='lat' dir='ltr'><strong>denique</strong></span> <span class='ocrx_word' id='word_1_489' title='bbox 1004 3720 1131 3775; x_wconf 90' lang='lat' dir='ltr'><strong>immisso</strong></span> <span class='ocrx_word' id='word_1_490' title='bbox 1144 3723 1277 3777; x_wconf 91' lang='lat' dir='ltr'><strong>Menelao</strong></span> 
     </span>
     <span class='ocr_line' id='line_1_48' title="bbox 123 3787 559 3858; baseline 0.011 -20"><span class='ocrx_word' id='word_1_491' title='bbox 123 3787 257 3842; x_wconf 79' lang='lat' dir='ltr'><strong>occiderit</strong></span> <span class='ocrx_word' id='word_1_492' title='bbox 272 3787 353 3855; x_wconf 93' lang='lat' dir='ltr'><strong>(Aen.</strong></span> <span class='ocrx_word' id='word_1_493' title='bbox 368 3788 404 3842; x_wconf 93' lang='lat' dir='ltr'><strong>vi.</strong></span> <span class='ocrx_word' id='word_1_494' title='bbox 419 3790 559 3858; x_wconf 82' lang='lat'><strong>511-530).</strong></span> 
     </span>
    </p>

    <p class='ocr_par' dir='ltr' id='par_1_10' title="bbox 121 3858 1277 4286">
     <span class='ocr_line' id='line_1_49' title="bbox 158 3858 1275 3944; baseline 0.004 -33"><span class='ocrx_word' id='word_1_495' title='bbox 158 3858 204 3938; x_wconf 77' lang='lat' dir='ltr'><strong>Ad</strong></span> <span class='ocrx_word' id='word_1_496' title='bbox 222 3861 290 3913; x_wconf 78' lang='lat'><strong>418.</strong></span> <span class='ocrx_word' id='word_1_497' title='bbox 315 3858 446 3940; x_wconf 84' lang='lat' dir='ltr'><strong>Quique</strong></span> <span class='ocrx_word' id='word_1_498' title='bbox 471 3871 563 3914; x_wconf 91' lang='lat' dir='ltr'><strong>tenet</strong></span> <span class='ocrx_word' id='word_1_499' title='bbox 585 3871 730 3931; x_wconf 92' lang='lat' dir='ltr'><strong>pontem,</strong></span> <span class='ocrx_word' id='word_1_500' title='bbox 756 3863 811 3944; x_wconf 87' lang='lat' dir='ltr'><strong>qui</strong></span> <span class='ocrx_word' id='word_1_501' title='bbox 836 3863 898 3917; x_wconf 90' lang='lat' dir='ltr'><strong>tibi</strong></span> <span class='ocrx_word' id='word_1_502' title='bbox 923 3863 1029 3917; x_wconf 91' lang='lat' dir='ltr'><strong>maior</strong></span> <span class='ocrx_word' id='word_1_503' title='bbox 1053 3863 1126 3917; x_wconf 92' lang='lat' dir='ltr'><strong>erit.</strong></span> <span class='ocrx_word' id='word_1_504' title='bbox 1173 3862 1220 3916; x_wconf 91' lang='lat' dir='ltr'><strong>Sic</strong></span> <span class='ocrx_word' id='word_1_505' title='bbox 1246 3872 1275 3916; x_wconf 95' lang='lat' dir='ltr'><strong>ut</strong></span> 
     </span>
     <span class='ocr_line' id='line_1_50' title="bbox 125 3929 1276 4003; baseline 0.004 -23"><span class='ocrx_word' id='word_1_506' title='bbox 125 3929 231 3982; x_wconf 80' lang='lat' dir='ltr'><strong>scribas</strong></span> <span class='ocrx_word' id='word_1_507' title='bbox 245 3939 272 3983; x_wconf 95' lang='lat' dir='ltr'><strong>et</strong></span> <span class='ocrx_word' id='word_1_508' title='bbox 286 3930 322 3983; x_wconf 92' lang='lat' dir='ltr'><strong>de</strong></span> <span class='ocrx_word' id='word_1_509' title='bbox 336 3931 450 3984; x_wconf 91' lang='lat' dir='ltr'><strong>sembus</strong></span> <span class='ocrx_word' id='word_1_510' title='bbox 470 3930 610 4001; x_wconf 89' lang='lat' dir='ltr'><strong>intelligas</strong></span> <span class='ocrx_word' id='word_1_511' title='bbox 628 3933 790 4003; x_wconf 83' lang='lat' dir='ltr'><strong>depontatis</strong></span> <span class='ocrx_word' id='word_1_512' title='bbox 809 3933 929 3987; x_wconf 89' lang='lat' dir='ltr'><strong>suadent</strong></span> <span class='ocrx_word' id='word_1_513' title='bbox 942 3950 1016 4003; x_wconf 90' lang='lat' dir='ltr'><strong>quae</strong></span> <span class='ocrx_word' id='word_1_514' title='bbox 1029 3933 1176 4001; x_wconf 92' lang='lat' dir='ltr'><strong>Philippus</strong></span> <span class='ocrx_word' id='word_1_515' title='bbox 1190 3935 1276 3986; x_wconf 93' lang='lat' dir='ltr'><strong>Bero-</strong></span> 
     </span>
     <span class='ocr_line' id='line_1_51' title="bbox 123 3999 1276 4072; baseline 0.003 -20"><span class='ocrx_word' id='word_1_516' title='bbox 123 3999 212 4067; x_wconf 90' lang='lat' dir='ltr'><strong>aldus,</strong></span> <span class='ocrx_word' id='word_1_517' title='bbox 234 4016 291 4053; x_wconf 92' lang='lat' dir='ltr'><strong>non</strong></span> <span class='ocrx_word' id='word_1_518' title='bbox 315 4001 351 4054; x_wconf 89' lang='lat' dir='ltr'><strong>de</strong></span> <span class='ocrx_word' id='word_1_519' title='bbox 373 4001 427 4054; x_wconf 93' lang='lat' dir='ltr'><strong>hoc</strong></span> <span class='ocrx_word' id='word_1_520' title='bbox 447 4019 530 4056; x_wconf 90' lang='lat' dir='ltr'><strong>uersu</strong></span> <span class='ocrx_word' id='word_1_521' title='bbox 551 4003 702 4072; x_wconf 90' lang='lat' dir='ltr'><strong>disserens,</strong></span> <span class='ocrx_word' id='word_1_522' title='bbox 721 4004 813 4058; x_wconf 90' lang='lat' dir='ltr'><strong>attulit</strong></span> <span class='ocrx_word' id='word_1_523' title='bbox 837 4004 865 4058; x_wconf 93' lang='lat' dir='ltr'><strong>in</strong></span> <span class='ocrx_word' id='word_1_524' title='bbox 886 4006 1007 4058; x_wconf 85' lang='lat' dir='ltr'><strong>Centum</strong></span> <span class='ocrx_word' id='word_1_525' title='bbox 1025 4001 1276 4068; x_wconf 87' lang='lat' dir='ltr'><strong>Annotationibus‚</strong></span> 
     </span>
     <span class='ocr_line' id='line_1_52' title="bbox 123 4069 1277 4143; baseline 0.003 -22"><span class='ocrx_word' id='word_1_526' title='bbox 123 4069 168 4122; x_wconf 84' lang='lat' dir='ltr'><strong>fol.</strong></span> <span class='ocrx_word' id='word_1_527' title='bbox 183 4078 213 4136; x_wconf 70' lang='lat'><strong>3⁰</strong></span> <span class='ocrx_word' id='word_1_528' title='bbox 228 4071 354 4126; x_wconf 90' lang='lat' dir='ltr'><strong>Macrob.</strong></span> <span class='ocrx_word' id='word_1_529' title='bbox 370 4072 458 4126; x_wconf 85' lang='lat' dir='ltr'><strong>Sati.</strong></span> <span class='ocrx_word' id='word_1_530' title='bbox 476 4085 497 4140; x_wconf 84' lang='lat'><strong>5.</strong></span> <span class='ocrx_word' id='word_1_531' title='bbox 516 4088 547 4126; x_wconf 94' lang='lat'><strong>10</strong></span> <span class='ocrx_word' id='word_1_532' title='bbox 563 4075 720 4143; x_wconf 81' lang='lat' dir='ltr'><strong>Tamquam</strong></span> <span class='ocrx_word' id='word_1_533' title='bbox 734 4074 974 4143; x_wconf 84' lang='lat' dir='ltr'><strong>sexagenarios</strong></span> <span class='ocrx_word' id='word_1_534' title='bbox 990 4073 1136 4127; x_wconf 90' lang='lat' dir='ltr'><strong>maiores</strong></span> <span class='ocrx_word' id='word_1_535' title='bbox 1148 4073 1181 4126; x_wconf 82' lang='lat' dir='ltr'><strong>de</strong></span> <span class='ocrx_word' id='word_1_536' title='bbox 1189 4076 1277 4142; x_wconf 77' lang='lat' dir='ltr'><strong>ponte</strong></span> 
     </span>
     <span class='ocr_line' id='line_1_53' title="bbox 121 4139 1273 4214; baseline 0.005 -23"><span class='ocrx_word' id='word_1_537' title='bbox 121 4139 242 4194; x_wconf 73' lang='lat' dir='ltr'><strong>deicias?</strong></span> <span class='ocrx_word' id='word_1_538' title='bbox 260 4142 287 4196; x_wconf 95' lang='lat' dir='ltr'><strong>h.</strong></span> <span class='ocrx_word' id='word_1_539' title='bbox 297 4159 321 4196; x_wconf 97' lang='lat' dir='ltr'><strong>e.</strong></span> <span class='ocrx_word' id='word_1_540' title='bbox 335 4141 456 4196; x_wconf 92' lang='lat' dir='ltr'><strong>maiores</strong></span> <span class='ocrx_word' id='word_1_541' title='bbox 470 4143 551 4197; x_wconf 89' lang='lat' dir='ltr'><strong>annis</strong></span> <span class='ocrx_word' id='word_1_542' title='bbox 565 4145 721 4214; x_wconf 87' lang='lat' dir='ltr'><strong>sexaginta.</strong></span> <span class='ocrx_word' id='word_1_543' title='bbox 750 4147 840 4198; x_wconf 91' lang='lat' dir='ltr'><strong>Varro</strong></span> <span class='ocrx_word' id='word_1_544' title='bbox 856 4143 1005 4212; x_wconf 88' lang='lat' dir='ltr'><strong>Sexagessi</strong></span> <span class='ocrx_word' id='word_1_545' title='bbox 1018 4161 1064 4213; x_wconf 87' lang='lat' dir='ltr'><strong>ap.</strong></span> <span class='ocrx_word' id='word_1_546' title='bbox 1078 4145 1154 4196; x_wconf 95' lang='lat' dir='ltr'><strong>Non.</strong></span> <span class='ocrx_word' id='word_1_547' title='bbox 1168 4157 1228 4210; x_wconf 84' lang='lat'><strong>214,</strong></span> <span class='ocrx_word' id='word_1_548' title='bbox 1242 4144 1273 4197; x_wconf 85' lang='lat' dir='ltr'><strong>fr.</strong></span> 
     </span>
     <span class='ocr_line' id='line_1_54' title="bbox 122 4209 1275 4286; baseline 0.003 -23"><span class='ocrx_word' id='word_1_549' title='bbox 122 4209 187 4264; x_wconf 89' lang='lat' dir='ltr'><strong>xviii</strong></span> <span class='ocrx_word' id='word_1_550' title='bbox 199 4210 292 4279; x_wconf 93' lang='lat' dir='ltr'><strong>Riese,</strong></span> <span class='ocrx_word' id='word_1_551' title='bbox 302 4213 504 4268; x_wconf 82' lang='lat' dir='ltr'><strong>Accr&#39;tz&#39;sumus</strong></span> <span class='ocrx_word' id='word_1_552' title='bbox 514 4220 547 4269; x_wconf 80' lang='lat' dir='ltr'><strong>ut</strong></span> <span class='ocrx_word' id='word_1_553' title='bbox 555 4215 870 4286; x_wconf 72' lang='lat' dir='ltr'><strong>depontare(-muradd.</strong></span> <span class='ocrx_word' id='word_1_554' title='bbox 883 4213 991 4283; x_wconf 83' lang='lat' dir='ltr'><strong>lunius)</strong></span> <span class='ocrx_word' id='word_1_555' title='bbox 1003 4214 1275 4284; x_wconf 82' lang='lat' dir='ltr'><strong>murmurfitseras,</strong></span> 
     </span>
    </p>
   </div>
   <div class='ocr_carea' id='block_1_5' title="bbox 121 4418 1276 4554">
    <p class='ocr_par' dir='ltr' id='par_1_11' title="bbox 121 4418 1276 4554">
     <span class='ocr_line' id='line_1_55' title="bbox 153 4418 1276 4483; baseline 0.003 -19"><span class='ocrx_word' id='word_1_556' title='bbox 153 4421 168 4449; x_wconf 78' lang='lat'><em>*</em></span> <span class='ocrx_word' id='word_1_557' title='bbox 185 4418 247 4466; x_wconf 85' lang='lat' dir='ltr'><strong>Tota</strong></span> <span class='ocrx_word' id='word_1_558' title='bbox 257 4419 332 4467; x_wconf 83' lang='lat' dir='ltr'><strong>sabula</strong></span> <span class='ocrx_word' id='word_1_559' title='bbox 344 4420 436 4466; x_wconf 80' lang='lat' dir='ltr'><strong>uidetur</strong></span> <span class='ocrx_word' id='word_1_560' title='bbox 449 4422 477 4466; x_wconf 83' lang='lat' dir='ltr'><strong>ad</strong></span> <span class='ocrx_word' id='word_1_561' title='bbox 491 4430 583 4482; x_wconf 82' lang='lat' dir='ltr'><strong>tempus</strong></span> <span class='ocrx_word' id='word_1_562' title='bbox 598 4422 717 4468; x_wconf 84' lang='lat' dir='ltr'><strong>reserenda</strong></span> <span class='ocrx_word' id='word_1_563' title='bbox 733 4438 780 4482; x_wconf 92' lang='lat' dir='ltr'><strong>quo</strong></span> <span class='ocrx_word' id='word_1_564' title='bbox 795 4420 863 4468; x_wconf 81' lang='lat' dir='ltr'><strong>Tusci</strong></span> <span class='ocrx_word' id='word_1_565' title='bbox 874 4421 1002 4483; x_wconf 83' lang='lat' dir='ltr'><strong>piraticam</strong></span> <span class='ocrx_word' id='word_1_566' title='bbox 1014 4419 1147 4467; x_wconf 76' lang='lat' dir='ltr'><strong>exercebam</strong></span> <span class='ocrx_word' id='word_1_567' title='bbox 1159 4419 1234 4482; x_wconf 82' lang='lat' dir='ltr'><strong>(Seru.</strong></span> <span class='ocrx_word' id='word_1_568' title='bbox 1247 4421 1276 4468; x_wconf 84' lang='lat' dir='ltr'><strong>ad</strong></span> 
     </span>
     <span class='ocr_line' id='line_1_56' title="bbox 121 4485 1120 4554; baseline 0.005 -24"><span class='ocrx_word' id='word_1_569' title='bbox 121 4485 180 4530; x_wconf 85' lang='lat' dir='ltr'><strong>Aen.</strong></span> <span class='ocrx_word' id='word_1_570' title='bbox 194 4500 217 4533; x_wconf 89' lang='lat' dir='ltr'><strong>x.</strong></span> <span class='ocrx_word' id='word_1_571' title='bbox 232 4485 291 4546; x_wconf 84' lang='lat'>184)</span> <span class='ocrx_word' id='word_1_572' title='bbox 303 4501 309 4545; x_wconf 89' lang='lat'><strong>;</strong></span> <span class='ocrx_word' id='word_1_573' title='bbox 327 4501 425 4546; x_wconf 89' lang='lat' dir='ltr'><strong>quorum</strong></span> <span class='ocrx_word' id='word_1_574' title='bbox 436 4488 559 4534; x_wconf 80' lang='lat' dir='ltr'><strong>crudelitas</strong></span> <span class='ocrx_word' id='word_1_575' title='bbox 573 4487 747 4546; x_wconf 76' lang='lat' dir='ltr'><strong>Tyrrhenorum</strong></span> <span class='ocrx_word' id='word_1_576' title='bbox 760 4503 845 4534; x_wconf 88' lang='lat' dir='ltr'><strong>nomen</strong></span> <span class='ocrx_word' id='word_1_577' title='bbox 858 4488 886 4554; x_wconf 83' lang='lat' dir='ltr'><strong>ad</strong></span> <span class='ocrx_word' id='word_1_578' title='bbox 898 4493 1009 4546; x_wconf 81' lang='lat' dir='ltr'><strong>tyrannos</strong></span> <span class='ocrx_word' id='word_1_579' title='bbox 1020 4486 1120 4535; x_wconf 87' lang='lat' dir='ltr'><strong>deflexit.</strong></span> 
     </span>
    </p>
   </div>
   <div class='ocr_carea' id='block_1_6' title="bbox 685 4569 710 4616">
    <p class='ocr_par' dir='ltr' id='par_1_12' title="bbox 685 4569 710 4616">
     <span class='ocr_line' id='line_1_57' title="bbox 685 4569 710 4616; baseline 0 0"><span class='ocrx_word' id='word_1_580' title='bbox 685 4569 710 4616; x_wconf 95' lang='lat' dir='ltr'>N</span> 
     </span>
    </p>
   </div>
   <div class='ocr_carea' id='block_1_7' title="bbox 0 0 1524 4988">
    <p class='ocr_par' dir='ltr' id='par_1_13' title="bbox 0 0 1524 4988">
     <span class='ocr_line' id='line_1_58' title="bbox 0 0 1524 4988; baseline 0 1"><span class='ocrx_word' id='word_1_581' title='bbox 0 0 1524 4988; x_wconf 95' lang='lat' dir='ltr'><strong> </strong></span> 
     </span>
    </p>
   </div>
  </div>
 </body>
</html>
