3038 4988
514 385 863 447 COMMENTARIVS.
1206 395 1260 450 151

106 541 268 614 Ἀρχίλοχον
289 537 448 613 βαρυλόγοις
472 542 580 612 ἔχθεσιν
600 545 776 611 Πισινόμενον.
822 543 868 597 Ad
893 515 1006 598 exilium
1030 543 1077 599 uix
1101 545 1244 601 retulerim
1256 565 1264 612 ;

108 616 185 684 quod
203 615 374 668 librorumne
392 630 461 683 quos
478 614 693 668 Lacedaemonii
708 631 723 667 e
738 616 854 668 cz'ur'tate
869 617 1017 685 exponam·
1030 619 1181 686 iusserunt,
1195 620 1265 687 quia

107 687 221 738 domam
242 686 298 739 sibi
316 687 441 738 inuisam
463 686 582 738 obscenis
603 686 758 739 maledicas
778 686 954 740 laceraaerat
973 687 1045 756 (Val.
1066 690 1141 742 Max.
1155 688 1191 742 vi.
1209 703 1261 756 3.1

109 756 195 824 Ext.),
208 774 245 810 an
264 755 352 825 ipsius
367 755 528 810 Archilochi
541 755 623 809 fuerit
638 757 721 824 (Plut.
738 757 841 810 Lacon.
857 756 948 811 Instit.
962 756 1054 825 xxxiv)
1068 757 1097 811 in
1110 759 1196 812 dubio
1210 768 1261 813 est.

108 830 179 882 523.
196 843 310 891 parum
326 830 434 881 stabili
446 826 573 879 Alciatus
588 824 710 894 (Parerg.
727 826 781 880 lur.
796 846 820 880 v.
838 826 880 895 18)
899 827 1011 896 interpr.
1026 829 1062 882 de
1081 829 1262 898 Hipponacte

57 923 67 931 ν
109 897 156 966 qui
168 903 276 967 parum
290 897 389 952 stabili
398 899 522 951 carmine
534 897 561 950 h.
573 914 597 950 e.
610 895 811 966 ischiorrogico
828 899 874 951 uel
890 909 1021 952 scazonte
1040 900 1121 953 laesit
1134 900 1263 953 Athenin

109 967 161 1036 (sic
180 968 256 1022 enim
274 968 341 1036 legit
358 968 431 1035 Alc.)
445 978 473 1022 et
493 968 633 1036 Bupalum
652 968 810 1036 statuarios,
824 968 890 1038 quia
908 968 1045 1038 imagines
1065 970 1125 1024 eius
1144 970 1172 1023 in
1191 970 1262 1024 ludi-

108 1038 199 1092 brium
208 1040 340 1107 fecerant,
349 1049 422 1093 teste
434 1038 512 1092 Suid.
523 1036 728 1104 ς.υ.“1ππῶνοξ;
741 1049 769 1093 et
779 1039 833 1092 hoc
843 1040 948 1109 placuit
957 1041 1090 1094 Tumebo
1100 1041 1134 1095 ix.
1146 1056 1161 1094 2
1166 1053 1188 1109 5,
1200 1043 1262 1094 Ten

109 1109 197 1162 Brink
210 1110 239 1162 in
251 1109 386 1178 Philolog.
395 1108 430 1163 vi.
444 1127 472 1179 p.
482 1109 525 1176 68,
537 1107 659 1176 Bergkio
672 1110 748 1162 Poet.
761 1111 824 1177 Lyr.
838 1127 863 1179 p.
875 1123 890 1176 7
894 1122 907 1178 5
912 1123 933 1179 5.
961 1110 1036 1164 Sane
1047 1111 1083 1165 de
1096 1121 1262 1181 paupertate

108 1197 160 1233 sua
172 1180 284 1250 saepius
298 1189 413 1249 questus
426 1189 469 1233 est
484 1179 646 1249 Hipponax,
658 1189 689 1233 ut
701 1180 732 1233 fr.
748 1181 810 1245 17B
825 1183 876 1236 Δὸς
887 1183 997 1251 χλαῖναν
1008 1180 1169 1244 Ἱππώνακτι,
1183 1183 1263 1251 κάρτα

107 1251 158 1320 γὰρ
168 1249 232 1320 ῥιγῶ
246 1252 295 1303 Καὶ
306 1249 471 1318 βαμβακύζω,
483 1251 514 1303 fr.
530 1265 561 1318 19
572 1248 646 1317 Ἐμοί
659 1251 710 1319 γὰρ
722 1251 768 1303 οὐκ
784 1251 879 1306 ἔδωκας
895 1255 952 1305 οὔτε
967 1272 1002 1304 κω
1018 1254 1128 1322 χλαῖναν
1140 1257 1262 1315 Δασεῐαν,

107 1322 135 1373 ἐν
149 1327 254 1391 χειμῶνι
271 1323 409 1391 φάρμακον
421 1320 515 1390 ῥίγευς,
529 1318 588 1373 Οὔτ’
602 1318 728 1390 ἀσκέρῃσι
746 1320 806 1376 τοὺς
823 1322 904 1376 πόδας
923 1322 1058 1389 δασείησιν
1070 1319 1216 1393 Ἐκρυψας,
1229 1324 1263 1378 ὧς

107 1390 505 1528 lihltl‘lltithh
525 1390 1049 1530 {illltz'htth‘ltthtltt
1059 1403 1262 1519 sztnnttsstt‘

108 1531 181 1585 Mihi
206 1533 318 1587 uidetur
341 1532 493 1601 significari
515 1533 649 1586 Euboeus
673 1532 771 1586 Parius
796 1533 832 1587 de
854 1550 910 1603 quo
931 1535 1096 1589 Athenaeus
1116 1536 1168 1603 698
1190 1537 1261 1590 haec

106 1603 194 1657 habet
210 1605 314 1656 Πολλοί
331 1625 397 1658 τινες
414 1604 550 1674 παρωδιῶν
566 1603 669 1669 ποιηταὶ
705 1605 836 1673 εγόνασιν,
853 1604 1019 1673 ἐνδοξότατος
1038 1604 1060 1658 δ’
1074 1603 1105 1672 ἦν
1118 1608 1228 1669 Εὔβοιος
1245 1607 1260 1657 ὁ

106 1675 212 1743 Πάριος,
230 1677 367 1743 γενόμενος
384 1677 439 1729 τοῖς
457 1676 561 1744 χρόνοις
578 1676 641 1727 κατὰ
660 1625 798 1726 Φθιιππον.
832 1673 907 1730 οὗτός
928 1675 1000 1728 ἐστιν
1021 1677 1035 1728 ό
1057 1677 1098 1730 καὶ
1118 1674 1262 1743 Ἀθηναίοις

106 1744 335 1813 λοιδορησάμενος,
361 1747 402 1799 καὶ
426 1747 534 1810 σώζεται
558 1744 636 1798 αὐτοῦ
663 1749 715 1797 τῶν
737 1745 873 1813 παρωδιῶν
895 1746 989 1809 βιβλία
1014 1745 1140 1817 τέσσαρα.
1188 1749 1260 1801 Cum

107 1815 225 1882 Boeoto,
235 1826 263 1870 et
276 1815 339 1885 ipso
351 1816 533 1886 parodiarum
543 1814 687 1884 scriptore,
698 1824 877 1884 comparatur
889 1816 925 1870 ab
933 1817 1094 1870 Alexandro
1102 1819 1204 1872 Aetolo
1214 1835 1260 1887 ap.

105 1886 209 1940 Athen.
223 1886 284 1954 699,
298 1887 376 1941 cuius
395 1888 483 1941 uerba
501 1887 537 1940 de
557 1888 665 1939 Boeoto
681 1884 772 1939 Φλόων
784 1885 880 1955 ἀνθηρῇ
898 1887 947 1939 σὺν
959 1888 1136 1954 κακοδαιμονίῃ
1150 1898 1260 1957 egesta·

105 1965 164 2009 tem
177 1956 337 2024 significant
350 1957 441 2026 qualis
458 1956 544 2011 etiarn
563 1956 591 2009 in
606 1956 733 2021 Euboeo,
746 1955 830 2009 simili
847 1956 983 2026 scriptore
999 1967 1027 2012 et
1040 1958 1087 2027 qui
1101 1957 1129 2011 in
1142 1959 1260 2013 Atheni-

106 2043 189 2080 enses
205 2028 332 2082 inuectus
350 2028 440 2096 fuerit,
453 2028 544 2097 potuit
557 2044 629 2081 esse.
668 2029 730 2081 Nec
747 2028 821 2081 male
840 2027 876 2081 de
894 2028 1019 2097 parodiis
1038 2029 1140 2083 dicitur
1151 2033 1260 2099 parum

105 2098 209 2165 stabili,
222 2099 250 2152 h.
259 2116 282 2152 e.
293 2115 351 2152 non
364 2099 392 2151 in
405 2099 521 2167 longum
534 2098 676 2152 duraturo,
712 2099 766 2151 Vel
780 2097 819 2166 (2)
835 2099 995 2168 Menippus,
1007 2099 1054 2170 qui
1067 2100 1261 2168 σπουδογελοια

106 2168 226 2249 scripsit,
235 2173 343 2238 parum
356 2169 455 2223 stabile
467 2186 586 2236 carmen,
597 2178 627 2222 ut
640 2169 724 2222 docet
738 2169 878 2222 Lucianus
890 2169 939 2223 Bis
948 2172 1050 2224 Accus.
1061 2170 1144 2224 xxxiii
1158 2170 1260 2225 citatus

106 2255 124 2291 a
137 2239 234 2293 Rlesio
244 2242 362 2294 Varron.
375 2241 432 2294 Sat.
443 2257 470 2309 p.
483 2255 510 2292 11
525 2237 625 2308 Κρᾶσίν
638 2261 694 2292 τινα
705 2240 854 2308 παράδοξον
864 2239 984 2308 κέκραμαι
997 2244 1037 2294 καί
1051 2244 1109 2293 οὕτε
1121 2244 1197 2306 πεζός
1209 2242 1261 2310 εἶμι

105 2311 165 2363 οὔτε
182 2310 224 2363 ἐπὶ
243 2316 293 2363 τῶν
310 2311 410 2380 μέτρων
427 2313 536 2378 βέβηκα,
552 2310 622 2362 ἀλλά
641 2308 840 2380 ἱπποκενταύρου
858 2311 928 2377 δίκην
945 2310 1069 2365 σύνθετόν
1086 2334 1110 2365 τι
1128 2313 1167 2364 καί
1187 2312 1262 2377 ξένον

105 2380 202 2449 φάσμα
214 2383 269 2435 τοῖς
281 2381 404 2435 ἀκούουσι
417 2382 492 2434 δοκῶ.
531 2381 587 2434 Hic
604 2379 706 2449 pannis
723 2382 833 2434 uelatus
846 2381 987 2436 inducitur
1000 2399 1017 2436 a
1031 2382 1156 2437 Luciano
1171 2382 1260 2450 (Dial.

107 2451 192 2505 Mort.
213 2450 229 2505 i.
252 2451 280 2520 2)
304 2461 331 2507 et
356 2452 394 2506 ad
418 2468 560 2505 summam
581 2451 707 2520 inopiam
728 2453 860 2506 redactus
882 2453 1035 2522 suspendio
1057 2453 1145 2508 uitam
1170 2453 1261 2508 finiuit

107 2520 205 2589 (Diog.
225 2523 255 2576 L.
275 2522 312 2577 vi.
334 2521 404 2590 100).
446 2524 492 2576 An
514 2531 557 2576 est
580 2521 619 2592 (3)
644 2522 784 2591 Diagoras
809 2522 921 2591 Melius,
943 2534 1121 2593 contemptor
1142 2523 1260 2578 deorum

104 2591 298 2662 philosophus,
312 2592 388 2647 idem
406 2603 491 2662 poeta
509 2593 632 2661 lyricus?
668 2593 758 2660 (Suid
773 2610 793 2647 s.
808 2595 847 2659 u.)
886 2593 943 2647 Hic
961 2594 1038 2648 enim
1056 2612 1120 2648 cum
1139 2594 1259 2649 Athenis

105 2679 193 2730 agens
215 2665 304 2718 multa
323 2665 359 2719 de
378 2663 530 2718 Eleusiniis
549 2663 686 2732 probrosa
703 2664 857 2732 effudisset,
876 2675 1025 2719 accusatus
1043 2675 1190 2734 tamquam
1209 2665 1259 2719 im·

103 2733 176 2801 pius,
195 2735 329 2788 Pallenen
346 2734 471 2788 Achaiae
491 2735 519 2788 in
539 2733 651 2788 exilium
671 2751 701 2788 se
719 2734 834 2804 recepit,
853 2745 997 2804 postremo
1016 2735 1191 2803 Corinthum,
1211 2735 1259 2790 ubi

105 2813 231 2858 mortuus
253 2815 296 2859 est
317 2805 408 2873 (Suid.
431 2822 453 2860 s.
472 2823 508 2873 u.,
532 2806 658 2873 Hesych.
679 2804 807 2858 Milesius
829 2822 875 2874 ap.
897 2805 1026 2860 Muelleri
1050 2809 1161 2876 Fragrn.
1183 2806 1260 2862 Hist.

106 2876 207 2929 Graec.
220 2875 256 2930 iv.
275 2892 302 2945 p.
319 2875 390 2943 160).
428 2878 505 2930 Nam
524 2875 547 2929 si
567 2875 780 2942 dithyrambicis
800 2893 872 2944 quae
889 2877 1036 2946 scripsisse
1051 2878 1138 2931 fertur
1151 2879 1259 2946 (Schol.
1284 2913 1285 2916 =

104 2946 153 2999 Ar.
176 2947 248 3000 Ran.
269 2946 332 3015 320)
354 2945 584 3000 contumeliosius
606 2946 715 3000 dixerat
736 2946 772 3000 de
794 2946 881 3000 sacris
901 2948 947 3000 uel
967 2946 1011 3000 dis
1032 2947 1259 3015 Atheniensium,

104 3015 205 3070 merito
222 3027 332 3086 poterat
345 3017 400 3072 dici
414 3021 523 3087 parum
541 3017 639 3070 stabili
654 3018 779 3070 carmine
796 3017 907 3070 laesisse
918 3017 1056 3072 Athenas.
1095 3019 1136 3072 ef.
1151 3020 1216 3086 Lys.
1229 3017 1259 3071 in

103 3087 215 3142 Andoc.
237 3100 268 3153 17
287 3087 410 3158 Τοσοότῳ
429 3087 452 3140 δ’
471 3087 545 3142 οὗτος
565 3090 693 3158 Διαγόρου
717 3091 763 3140 τοῦ
789 3088 891 3154 Μηλίου
915 3087 1092 3156 ἀσεβέστερος
1114 3088 1259 3159 γεγένηται·

105 3157 199 3212 ἐκεῖνος
210 3159 319 3228 μὲνγὰρ
332 3161 415 3231 λόγῳ
432 3159 502 3228 περί
519 3158 554 3211 τά
571 3158 723 3225 ἀλλότρια
740 3159 806 3227 ἱερὰ
823 3158 870 3210 καί
888 3158 996 3223 ἑορτὰς
1010 3155 1130 3225 ἠσέβει,
1144 3158 1218 3213 οὗτος
1230 3158 1260 3211 δὲ

104 3228 172 3300 ἔργῳ
189 3230 249 3296 περὶ
267 3230 298 3282 τά
317 3229 345 3282 έν
362 3229 394 3297 τῇ
412 3230 491 3283 αὑτοῦ
508 3231 593 3283 πόλει.
618 3228 767 3299 ὀργίζεσθαι
786 3226 831 3281 οὖν
842 3227 934 3297 χρὴ,ὦ
952 3228 1042 3296 ἀνδρες
1053 3225 1191 3296 Ἀθηναῖοι,
1203 3232 1259 3284 τοῖς

104 3297 195 3354 ἀστοῖς
210 3299 356 3353 ἀδικοῦσι
371 3298 500 3368 μᾶλλονῆ
519 3302 586 3355 τοῖς
604 3299 706 3365 ξένοις
723 3298 794 3367 περὶ
811 3303 907 3352 ταῦτα
924 3299 960 3352 τά
979 3299 1052 3368 ίερά.
1091 3299 1146 3368 Qui
1160 3316 1258 3368 quam·

104 3385 191 3438 quam
212 3387 230 3424 a
251 3371 336 3438 nullo,
357 3371 433 3440 quod
455 3370 553 3438 sciam,
573 3369 675 3424 dicitur
695 3373 827 3434 periisse
848 3372 973 3424 inuisus
992 3372 1156 3425 deficiente
1177 3374 1257 3438 cibo,

104 3450 211 3509 quanto
236 3440 302 3495 odio
327 3441 409 3495 luerit
433 3440 654 3495 Atheniensibus
679 3449 799 3495 testatur
822 3440 967 3495 decretum
991 3441 1068 3510 quod
1092 3458 1127 3494 ex
1149 3439 1257 3495 Crateri

104 3512 242 3580 Συναγωγῇ
254 3513 435 3580 ψηφισμάτων
448 3512 515 3566 citat
530 3513 626 3566 Schol.
639 3511 725 3565 Arist.
738 3514 791 3565 Au.
803 3524 869 3579 1073
882 3512 923 3582 Τῷ
934 3512 982 3579 μὲν
994 3511 1169 3565 ἀποκτείναντι
1181 3512 1259 3565 αὐτὸν

104 3583 231 3634 τάλαντον
242 3583 391 3649 λαμβάνειν,
400 3582 436 3654 τῷ
449 3583 477 3635 δὲ
489 3582 577 3652 ἄγοντι
589 3581 650 3636 δύαι
664 3583 699 3637 cs.
709 3581 795 3636 Diod.
803 3581 859 3636 xiii.
867 3582 899 3650 6;
912 3597 1004 3652 neque
1015 3600 1032 3637 a
1044 3599 1112 3637 uero
1125 3583 1258 3637 abhorret

103 3651 265 3712 huiusmodi
287 3663 408 3707 mortem
429 3654 523 3707 fictam
543 3663 644 3722 postea
662 3652 749 3707 fuisse
768 3653 804 3706 ab
823 3652 857 3706 iis
876 3652 924 3723 qui
942 3653 1018 3706 ἀθεον
1035 3663 1168 3707 uocatum
1188 3653 1257 3708 Dia·

104 3738 192 3790 goran
205 3723 409 3778 meminissent.
446 3726 610 3778 Ceterorum
622 3723 798 3778 coniecturas
811 3723 876 3778 uide
890 3723 1095 3793 apWeichert.
1107 3727 1183 3779 Poet.
1195 3725 1257 3780 Lat.

104 3809 132 3861 p.
145 3807 205 3862 319.
277 3798 347 3849 525.
365 3798 452 3859 lyrae
468 3800 558 3849 uates
574 3796 676 3849 fertur
691 3798 823 3860 periisse
840 3811 975 3849 seuerae.
1014 3797 1070 3850 Hic
1087 3795 1149 3865 quis
1166 3795 1258 3862 fuerit,

104 3863 250 3919 incertum.
288 3865 318 3919 Si
332 3883 365 3920 ex
379 3865 523 3934 Saluagnii
537 3865 678 3920 sententia
692 3869 822 3920 dextera
838 3869 925 3920 laeso.
943 3866 1013 3920 fides
1033 3866 1138 3920 uiolata
1157 3865 1257 3920 intelli·
1302 3894 1305 3897 Δ

103 3934 198 4002 genda
216 3944 268 4003 est,
287 3935 419 4005 equidem
438 3936 474 3990 de
492 3936 691 3991 Timocreonte
709 3936 802 4005 potius
821 3953 907 4006 quarn
926 3936 962 3991 de
980 3936 1078 3990 Alcaei
1097 3936 1256 3989 minacibus

105 4005 238 4059 Camenis
253 4006 336 4075 (Hor.
351 4008 382 4061 C.
396 4006 431 4061 iv.
442 4021 467 4074 9.
477 4006 504 4073 7)
518 4006 694 4076 interpretor,
707 4005 836 4075 quamuis
850 4006 879 4060 id
892 4023 977 4060 nemo
989 4016 1056 4061 ante
1069 4023 1115 4060 me
1127 4006 1257 4059 uideatur

104 4075 268 4131 coniecisse.
313 4078 385 4132 Plut.
405 4078 506 4132 Them.
525 4077 569 4130 xxi
591 4076 736 4147 Τιμοκρέων
756 4074 778 4130 δ’
800 4079 815 4128 ό
835 4075 933 4130 Ῥόδιος
953 4078 1093 4145 μελοποιός
1113 4077 1141 4129 έν
1158 4072 1257 4145 ᾅσματι

104 4146 258 4200 καθάπτεται
270 4150 421 4218 πικρότερον
433 4152 479 4202 τοῦ
493 4147 708 4216 θεμιστοκλέους,
721 4147 755 4202 ὡς
770 4147 868 4201 ἀλλους
884 4146 931 4215 μὲν
943 4148 984 4199 ἐπὶ
1002 4146 1118 4233 γρίημασι
1136 4147 1257 4216 φυγάδας

104 4215 309 4286 διαπραξαμένου
317 4219 466 4285 κατελθεῖν,
479 4219 556 4272 αὐτὸν
569 4219 596 4271 δὲ
612 4219 686 4286 ξένον
698 4217 759 4272 ὄντα
774 4220 815 4271 καί
827 4218 908 4286 φίλον
919 4238 1061 4286 προεμενου
1077 4214 1109 4269 δι’
1123 4215 1256 4286 ἀργύριον.

103 4286 174 4357 λέγει
188 4287 210 4341 δ’
220 4287 300 4343 οὕτως
311 4289 385 4358 (post
395 4290 493 4344 laudes
503 4288 647 4358 Aristidis)
657 4290 713 4342 ε’πεὶ
724 4287 899 4356 Θεμιστοκλῆ’
912 4287 1008 4357 ἤχθαρε
1019 4288 1101 4353 Λατώ,
1114 4286 1257 4341 isleras

103 4357 218 4426 ἀδικον,
242 4360 405 4430 προδόταν,
430 4359 458 4416 δς
484 4360 691 4429 Τιμοκρέοντα
716 4363 805 4415 Ξεῖνον
828 4358 895 4414 ἐόντ’
918 4358 1065 4428 ἀμγυρίοισι
1089 4359 1256 4420 κυβαλικοῖσι

103 4429 220 4485 πεισθεὶς
239 4431 269 4483 οὗ
287 4433 396 4501 κατᾶγεν
412 4429 457 4486 Ἐς
473 4428 575 4499 πατρίδ’
593 4430 722 4497 Ἰάλυσον,
734 4433 824 4493 λαβὼν
842 4430 870 4483 δὲ
886 4427 943 4499 Τρί’
960 4427 1074 4499 ἀργύρου
1089 4427 1194 4483 τάλαντ’
1207 4430 1256 4493 ἔβα

103 4501 191 4554 πλέων
206 4501 242 4556 εἷς
260 4500 378 4571 ὄλεθρον,
390 4502 455 4558 Τοὺς
472 4503 520 4571 μέν
537 4502 653 4571 κατάγων
669 4501 769 4568 ἀδίκως,
781 4501 841 4557 τοὺς
857 4499 879 4554 δ’
893 4499 1027 4566 ἐκδιώκων,
1039 4499 1099 4557 τοὺς
1115 4499 1142 4554 δὲ
1156 4501 1255 4570 καίνων,
