3082 4980
247 421 277 480 n
658 420 986 482 rnoraoouann.
1040 399 1046 407 ’

289 577 367 639 Tam
388 579 514 657 grauiter
533 578 644 638 laesum
666 580 730 657 quis
750 580 870 639 miretur
889 580 963 639 ultra
983 578 1106 638 modum
1125 576 1302 637 indoluisse?
1326 576 1408 638 lllud

248 662 347 738 potius
368 663 504 732 admiror,
527 673 588 720 tam
608 663 774 738 neglectum
794 663 888 721 iacere
907 679 1024 721 carmen
1046 679 1106 737 quo
1127 660 1278 718 inmortale
1298 659 1426 717 odium!

249 745 473 802 consecrauerit.
516 741 607 814 Quod
622 761 800 820 quamquam
814 762 907 820 prope
925 743 1045 801 dimidia
1058 753 1139 818 parte
1154 741 1228 799 adeo
1241 741 1408 800 obscurum

249 834 293 883 est
316 834 349 882 ut
376 843 429 901 per
452 823 573 882 nebulas
595 833 708 883 tanturn
736 825 874 901 pleraque
903 825 1050 900 imaginet,
1080 824 1110 880 in
1138 823 1269 881 uersibus
1292 823 1408 897 quibus

248 905 398 964 inimicum
432 905 552 964 deuouit
585 923 640 964 nec
670 907 802 982 uigorem
830 905 929 966 Ouidii
957 924 1012 964 nec
1041 905 1214 980 elegantiam
1243 904 1408 964 desideres,

249 985 403 1045 Praeterea
421 1004 498 1045 unus
517 985 564 1044 hic
580 986 652 1045 liber
665 986 809 1057 Dirarum,
823 999 936 1064 praeter
949 986 1056 1045 Valerii
1071 985 1201 1055 Catonis,
1216 985 1246 1042 in
1263 986 1407 1045 manibus

250 1079 314 1126 est:
337 1086 405 1127 nam
421 1066 601 1126 Graecorum
614 1069 687 1140 ’Λραὶ
701 1070 854 1143 perierunt.

291 1147 338 1206 Ex
363 1147 533 1207 Callimachi
561 1147 644 1208 Ibide
672 1158 813 1224 quantum
841 1150 996 1226 sumpserit
1021 1147 1152 1220 Ouidius,
1178 1149 1319 1207 incertum
1348 1157 1406 1217 est,

251 1248 320 1289 cum
348 1248 386 1287 ne
412 1247 504 1288 unum
532 1230 651 1306 quidem
678 1231 874 1306 fragmentum
902 1250 939 1289 ex
967 1249 1002 1289 ea
1029 1231 1161 1307 supersit.
1218 1228 1406 1304 SaluagniuS,

252 1311 423 1370 adulescens
449 1311 626 1387 pereruditus
649 1320 677 1369 et
698 1313 743 1370 cui
768 1313 892 1371 multum
914 1313 1007 1371 tribuo
1029 1312 1069 1370 ob
1090 1311 1236 1382 iudicium,
1257 1312 1281 1369 si
1306 1327 1407 1368 annos

251 1402 376 1469 spectes,
396 1392 539 1468 singulare
558 1387 595 1469 (si
616 1393 707 1452 modo
726 1393 849 1452 absoluit
870 1394 900 1451 in
920 1393 986 1452 Ibin
1007 1393 1270 1451 commentationes
1290 1409 1406 1448 annum

252 1490 344 1550 agens
375 1472 560 1552 ulcesimum)
590 1483 682 1532 totam
714 1474 812 1534 Ouidii
843 1476 908 1533 Ibin
939 1493 976 1533 ex
1007 1473 1202 1533 Callimachea
1233 1490 1406 1548 expressam

252 1554 382 1614 credidit.
424 1554 536 1613 Verum
549 1555 579 1613 id
593 1554 711 1631 quidem
730 1574 790 1613 non
810 1566 907 1632 potest
920 1574 994 1625 esse,
1009 1557 1033 1615 si
1051 1566 1129 1614 recte
1144 1574 1172 1614 u.
1188 1573 1246 1628 449
1261 1554 1406 1630 interpre-

252 1645 349 1695 tantur
362 1635 407 1694 Et
421 1637 520 1712 quibus
539 1638 641 1713 exiguo
657 1638 780 1694 uolucrr'r
797 1639 892 1696 deuota
910 1638 998 1696 libello
1014 1644 1061 1709 est,
1075 1654 1145 1694 nam
1163 1637 1311 1695 uolucrem
1333 1653 1407 1694 nus-

252 1736 343 1796 quam
357 1716 481 1778 Ouidius
495 1718 622 1778 deuouit
664 1718 812 1777 Historias
826 1729 934 1790 tamen,
949 1720 1062 1795 siquae
1077 1719 1106 1776 in
1122 1716 1291 1776 Callimachi
1306 1716 1406 1775 libello

252 1818 345 1859 caecae
357 1799 479 1870 inerant,
494 1799 630 1858 credibile
645 1809 689 1858 est
704 1818 772 1858 eum
791 1801 977 1859 transtulisse.
1021 1798 1080 1858 Sed
1094 1816 1130 1857 err
1146 1808 1225 1857 tanta
1239 1797 1406 1856 fabularum

253 1881 326 1941 serie
341 1898 415 1956 quae
429 1897 478 1938 uu.
496 1884 593 1954 251-6
598 1882 635 1954 36
650 1880 793 1957 leguntur,
809 1900 920 1957 paucae
935 1891 1047 1939 tanturn
1061 1881 1129 1939 inde
1144 1880 1244 1938 uenire
1258 1887 1407 1954 poterant,

254 1963 317 2020 siue
331 1963 545 2038 epigrammatis
558 1962 688 2033 modum,
703 1965 765 2021 siue
779 1963 918 2038 longioris
938 1981 992 2021 nec
1011 1972 1110 2020 tamen
1128 1962 1229 2037 magni
1248 1960 1312 2018 libri
1332 1978 1404 2019 con-

254 2044 340 2119 plexa
354 2054 405 2102 est.
437 2042 494 2101 Sed
509 2053 538 2100 et
548 2042 612 2101 Ibin
628 2052 657 2100 et
668 2044 741 2100 nina
754 2055 783 2102 et
797 2043 851 2102 alia
867 2043 986 2103 fortasse
1002 2045 1107 2119 scripta
1118 2041 1287 2100 Callimachi
1303 2059 1408 2100 secum

254 2125 285 2182 in
307 2123 423 2182 exilium
439 2122 563 2182 Ouidius
583 2123 704 2197 tulerat;
733 2143 801 2183 nam
815 2124 972 2185 Leutschio
993 2124 1134 2184 assentior
1154 2123 1322 2181 memoriter
1344 2141 1409 2182 non
1494 2180 1497 2185 .

256 2206 392 2275 tenuisse,
404 2205 573 2282 praesertim
588 2206 793 2264 obscurissima
806 2215 835 2265 et
847 2224 922 2283 quae
933 2205 1067 2265 facillime
1079 2205 1249 2264 memoriam
1262 2203 1409 2280 fugerent.

256 2285 343 2345 Certe
357 2304 393 2344 ex
409 2284 613 2345 Callimacho*
628 2288 713 2344 traxit
727 2288 875 2347 historiam
890 2289 926 2346 de
940 2286 1060 2347 Eteocle
1074 2297 1102 2346 et
1117 2286 1253 2362 Polynice
1268 2303 1346 2361 quae
1362 2287 1410 2346 bis

257 2367 302 2425 Ib.
319 2382 367 2442 35,
381 2367 470 2426 Trist.
485 2385 510 2424 v.
527 2382 553 2441 5.
564 2386 601 2442 33
617 2379 732 2427 narrata
746 2381 797 2428 est.

420 2447 552 2507 Consilio
574 2467 730 2509 commune
753 2469 866 2510 sacrum
888 2468 955 2509 curn
977 2452 1026 2510 fiat
1048 2451 1077 2509 in
1099 2470 1148 2511 ara

460 2529 606 2589 Fratribus
626 2531 736 2591 alterna
757 2532 806 2609 qui
828 2532 936 2610 periere
957 2551 1054 2605 manu,

421 2611 491 2686 Ipsa
512 2611 564 2670 sibi
587 2611 705 2683 discors,
728 2623 878 2689 tamquam
900 2615 1053 2673 mandetur
1074 2615 1111 2672 ab
1133 2614 1195 2682 illis,

463 2692 610 2751 Scinditur
629 2693 659 2750 in
681 2704 777 2770 partes
799 2706 859 2754 atra
879 2694 975 2754 fauilla
989 2696 1070 2754 duas.

422 2771 500 2845 Hoc,
516 2774 644 2845 memini,
658 2776 807 2851 quondam
829 2778 890 2836 fieri
910 2795 973 2835 non
993 2794 1082 2853 posse
1103 2776 1251 2853 loquebar,

462 2853 500 2913 Et
520 2873 568 2913 me
589 2855 737 2915 Battiades
758 2858 851 2917 iudice
874 2857 963 2918 falsus
983 2867 1051 2916 erat.

172 2948 174 2951 ’
258 2936 305 2994 Ex
332 2933 512 2995 Callimacho
536 2937 624 2995 etiam
646 2938 763 2997 fluxisse
787 2940 901 2999 uidetur
921 2939 1041 2998 historia
1062 2939 1098 2998 de
1121 2939 1242 2997 Simone
1261 2937 1414 2999 Thessalo

258 3017 507 3094 Eurydamantem
528 3021 603 3078 circa
625 3019 703 3079 busta
729 3019 879 3095 Thrasylli
898 3018 955 3099 (lb.
978 3019 1050 3099 331)
1070 3029 1210 3097 raptante,
1233 3029 1265 3078 ut
1288 3030 1415 3080 testatur

259 3099 358 3159 Schol.
380 3099 414 3158 Il.
435 3100 503 3158 xxii.
527 3113 594 3174 397,
620 3101 681 3160 siue
704 3120 741 3160 ex
764 3102 847 3161 Ibide
875 3113 907 3160 ut
935 3101 1068 3160 Bentleio
1090 3103 1186 3160 uisum
1207 3111 1258 3172 est,
1283 3104 1347 3160 siue
1372 3122 1415 3162 ex

261 3181 351 3240 Aetiis
369 3190 402 3240 ut
422 3191 489 3258 post
508 3180 666 3258 Bergkium
689 3182 868 3243 Schneidero
887 3182 929 3260 (p.
945 3181 1032 3261 627);
1056 3183 1093 3242 de
1109 3191 1224 3242 seruato
1246 3181 1413 3254 SImonide,

259 3281 328 3321 cum
345 3261 465 3339 Scopas,
482 3281 518 3320 ex
537 3264 733 3323 Aleuadamm
754 3275 836 3323 ortus
857 3265 1007 3341 sanguine,
1029 3265 1112 3323 ruina
1127 3266 1233 3324 domus
1255 3264 1414 3340 extingue-

259 3353 337 3402 retur
364 3342 422 3422 (Ib.
446 3361 514 3417 511,
545 3343 657 3403 Callim.
683 3345 716 3405 fr.
743 3359 777 3421 71
807 3346 908 3420 Schn.)
922 3366 930 3418 ;
964 3346 1001 3405 de
1023 3344 1147 3404 Limone
1177 3345 1222 3424 (fr.
1250 3345 1338 3423 457);
1372 3346 1414 3405 de

259 3424 479 3501 Erysichthonis
493 3425 579 3496 fame,
591 3445 648 3502 qua
662 3426 732 3485 nihil
747 3428 873 3486 nobilius
885 3427 1080 3487 Callimachus
1094 3427 1205 3504 scripsit
1220 3424 1273 3505 (H.
1289 3425 1356 3485 Cer.
1372 3447 1413 3504 33

259 3503 345 3584 sqq.),
360 3505 397 3564 de
412 3504 601 3565 Cleombroto
617 3505 684 3584 (Ep.
703 3506 761 3586 25).

301 3586 348 3644 Ex
368 3585 461 3644 Aetiis
482 3596 599 3662 sumpta
619 3598 686 3646 sunt
708 3589 754 3648 uel
775 3599 909 3665 poterant
930 3591 1004 3649 sumi
1025 3589 1116 3649 haec:
1147 3589 1247 3658 Minos
1268 3606 1286 3646 a
1308 3587 1416 3648 Cocali

261 3667 373 3727 filiabus
401 3667 567 3726 interfectus
589 3668 634 3748 (fr.
651 3670 692 3748 5),
710 3671 862 3747 Hippolyti
884 3673 978 3730 exitus
992 3672 1038 3751 (fr.
1056 3669 1098 3749 7),
1116 3672 1227 3730 Trasus
1248 3671 1277 3727 in
1297 3670 1414 3746 templo

260 3767 279 3808 a
300 3748 421 3808 canibus
441 3748 532 3808 Deliis
553 3750 694 3809 laceratus
712 3748 756 3831 (fr.
774 3750 813 3829 9),
831 3752 906 3811 Aiax
923 3753 1024 3812 Oileus
1045 3764 1162 3829 propter
1180 3751 1319 3811 uiolatam
1336 3750 1416 3810 Cas-

262 3830 398 3889 sandram
420 3830 493 3889 ictus
513 3831 632 3890 fulmine
653 3832 732 3892 iuxta
752 3832 906 3893 Euboeam
927 3833 972 3912 (fr.
996 3831 1069 3910 13d),
1092 3834 1243 3893 Coroebus
1265 3831 1310 3912 (fr.
1337 3832 1415 3909 130),

261 3911 391 3971 Phalaris
414 3921 443 3970 et
466 3912 594 3985 Perillus,
617 3913 641 3972 si
665 3914 737 3974 fides
762 3924 806 3974 est
830 3915 985 3974 Plutarcho
1010 3934 1061 3974 seu
1086 3916 1150 3992 quis
1174 3916 1247 3974 alius
1271 3913 1417 3974 Parallela

261 3994 374 4071 scripsit
394 3993 440 4075 (fr.
457 3993 517 4074 25).
560 3993 644 4055 Haec
667 3997 745 4054 enim
769 3996 799 4054 in
820 3997 912 4056 Aetiis
933 3997 1019 4056 fuisse
1041 4008 1154 4055 ueteres
1170 3996 1359 4064 tradiderunt,
1381 4005 1417 4055 ut

261 4076 411 4136 Bentleius
434 4076 652 4136 demonstrauit.
696 4078 754 4137 Sed
775 4087 804 4136 et
826 4079 978 4154 conplures
1000 4078 1069 4137 alias
1089 4077 1222 4137 historias
1243 4093 1316 4152 quas
1334 4074 1416 4137 Ibidi

262 4177 332 4218 suae
352 4159 482 4230 intexuit,
505 4158 646 4218 Ouidium
671 4160 739 4218 hinc
763 4160 920 4235 sumpsisse
943 4177 1014 4218 uero
1039 4159 1132 4218 simile
1153 4159 1185 4217 fit
1209 4177 1246 4216 ex
1270 4157 1312 4215 eis
1336 4175 1416 4233 quae

263 4241 457 4301 Schneiderus
472 4241 628 4321 disputabit
641 4239 755 4300 Callim.
769 4242 796 4299 ii.
814 4259 863 4317 pp.
880 4243 1009 4315 35-116.
1051 4241 1140 4300 Velut
1159 4241 1190 4298 in
1211 4239 1307 4317 primo
1327 4238 1416 4313 libro,

286 4416 396 4529 &plano
407 4415 526 4464 Ileclreror
538 4416 566 4463 ad
579 4415 638 4471 Ibin,
650 4417 679 4462 ad
691 4413 762 4463 Δῖτια
775 4424 828 4476 post
839 4414 1006 4463 Ruhnkenium
1022 4416 1170 4465 Schneiderus
1186 4414 1277 4462 Gallim.
1290 4412 1313 4458 ii.
1326 4427 1349 4472 p.
1363 4411 1417 4464 626

261 4496 285 4529 re
320 4497 347 4531 r.
