3126 4980
375 1211 721 1308 scironia
783 1211 864 1304 ru
927 1142 1107 1305 ratu.

167 1564 387 1660 ῙΝΤΕΝΤΙΟ
411 1597 509 1660 Ouidii
528 1599 559 1658 in
575 1599 633 1659 hoc
650 1617 738 1677 opere
756 1608 800 1659 est
817 1597 1028 1676 reprehendere
1042 1596 1200 1675 quemdam
1214 1613 1315 1654 aemu-

162 1681 224 1740 lum
239 1690 325 1740 suurn
339 1692 367 1740 et
381 1698 485 1740 omnes
499 1700 551 1758 per
564 1701 632 1740 eum
649 1684 699 1759 qni
713 1700 821 1740 uxores
837 1682 961 1740 aliorum
978 1689 1119 1757 appetunt
1138 1696 1199 1736 non
1219 1677 1314 1735 solum

163 1763 353 1838 reprehendit
370 1764 423 1822 sed
443 1764 530 1822 etiarn
549 1764 713 1823 maledicit:
736 1774 768 1822 ut
782 1782 834 1840 per
847 1763 922 1822 male
937 1763 1095 1821 dictionem
1109 1758 1234 1818 retrahat
1247 1776 1315 1816 eum

164 1846 203 1902 ab
224 1844 364 1903 adulterio
382 1845 481 1903 uxoris
502 1863 592 1921 quam
613 1845 760 1907 blanditiis
779 1845 923 1903 fefellerat
967 1843 1063 1902 Causa
1082 1840 1252 1900 intentionis
1271 1849 1316 1898 est

163 1935 196 1984 ut
216 1924 289 1984 haec
310 1935 339 1984 et
358 1925 404 1984 his
426 1927 529 1986 similia
550 1926 723 1999 deuitemus,
744 1945 781 1985 ne
802 1927 888 1985 nobis
908 1924 1058 2001 contingat
1077 1923 1149 1982 tales
1171 1923 1316 1980 incurrere

164 2007 391 2066 maledictiones
435 2008 555 2067 Nomen
575 2009 636 2066 eius
653 2027 741 2085 quern
756 2007 942 2084 reprehendit
955 2007 1089 2084 ignotum
1104 2014 1148 2064 est
1162 2004 1213 2063 sed
1228 2011 1316 2062 uocat

163 2105 232 2146 eum
243 2088 305 2146 ibin
318 2107 408 2148 causa
418 2089 593 2166 inproperii:
611 2091 667 2148 ibis
681 2091 760 2148 enim
775 2091 838 2149 auis
851 2097 895 2148 est
905 2107 981 2165 quae
994 2096 1089 2146 rostro
1100 2096 1206 2163 purgat
1218 2094 1316 2162 poste·

163 2170 248 2228 riora.
297 2170 358 2229 Iste
378 2189 449 2230 uero
471 2179 622 2231 accusarat
643 2170 783 2230 Ouidium
806 2172 843 2230 de
863 2188 955 2229 uxore
974 2169 1108 2245 Augusti,
1129 2168 1258 2228 similiter
1279 2166 1316 2224 de

163 2251 237 2310 libro
262 2253 421 2312 amatorio:
454 2254 562 2329 quibus
586 2254 682 2312 causis
707 2254 813 2312 missus
838 2263 883 2311 est
905 2253 935 2310 in
959 2251 1085 2310 exilium.
1134 2249 1192 2307 Alii
1214 2249 1317 2307 dicunt

164 2332 246 2410 quod
265 2333 358 2391 noluit
377 2334 591 2410 imperatricem
612 2345 744 2411 stuprare
764 2336 802 2393 ab
823 2334 871 2393 illa
891 2343 1027 2409 rogatus3
1056 2350 1132 2409 quae
1154 2329 1257 2389 dolens
1278 2328 1316 2387 de

164 2415 281 2492 repulsa
299 2418 457 2474 accusabat
473 2433 540 2474 eum
560 2415 640 2493 apud
659 2416 812 2475 dominum
832 2433 925 2474 suum.
969 2413 1027 2473 His
1045 2414 1129 2473 dictis
1150 2413 1192 2472 sic
1214 2410 1252 2470 ad
1271 2410 1316 2469 lit-

164 2505 256 2555 teram
271 2496 493 2557 descendimus:
516 2497 612 2574 plures
626 2507 732 2574 poetae
746 2496 967 2574 reprehensoria
986 2496 1115 2555 carmina
1130 2495 1315 2570 scripserunt,

166 2578 218 2637 sed
232 2578 314 2655 quod
327 2596 385 2654 ego
400 2579 455 2638 feci
469 2597 563 2657 usque
580 2578 620 2638 ad
638 2579 701 2639 hoc
720 2589 851 2656 tempus
870 2578 932 2638 fuit
949 2579 1075 2637 inerme
1090 2577 1116 2635 .i.
1135 2576 1198 2635 sine
1219 2592 1316 2650 repre-

165 2659 317 2719 hensione.
363 2659 399 2719 G.

206 2741 335 2800 Intentio
356 2741 455 2801 Ouidii
476 2742 571 2801 estin
592 2741 650 2803 hoc
670 2760 760 2819 opere
781 2741 886 2801 imitari
908 2737 1132 2808 Callimachum,
1153 2737 1222 2815 quia
1242 2736 1316 2797 sicut

166 2821 365 2882 Callimachus
386 2823 455 2882 fecit
474 2824 650 2884 inuectiuam
670 2834 773 2883 contra
794 2823 943 2882 inimicum
966 2840 1051 2880 suum
1069 2829 1099 2878 et
1119 2821 1216 2896 ipsum
1235 2818 1318 2877 duxit

166 2903 204 2963 ad
228 2914 362 2976 mortem,
383 2905 423 2964 ita
444 2907 499 2964 iste
520 2906 582 2964 uult
604 2906 700 2965 facere
722 2906 898 2965 inuectiuam
922 2912 1023 2963 contra
1045 2901 1196 2961 inimicum
1221 2918 1316 2970 suum,

166 3003 255 3062 quem
274 3003 336 3045 non
355 2987 490 3046 nominat
505 3005 559 3062 pro
578 2987 718 3063 despectu
738 2987 791 3046 sed
809 2987 906 3062 ipsum
921 2984 1048 3062 appellat
1060 2984 1131 3042 ibim
1146 3000 1200 3060 pro
1213 2981 1318 3040 maiori

167 3068 320 3140 dedecore,
335 3068 404 3145 quia
418 3069 473 3127 ibis
488 3078 532 3127 est
546 3069 609 3127 auis
623 3068 830 3127 sordidissima.
871 3066 910 3126 P.

207 3150 258 3208 Ait
271 3149 395 3209 Ouidius
410 3151 440 3208 in
454 3150 527 3208 libro
542 3150 683 3209 Tristium
701 3150 786 3208 Dum
803 3150 896 3208 iuuat
912 3157 945 3208 et
962 3147 1058 3207 uultu
1076 3144 1162 3204 ridet
1181 3144 1318 3203 fortuna

168 3231 317 3291 secundo
339 3231 548 3291 Indelibatas
569 3241 690 3291 cuncta
710 3240 895 3308 sequuntur
915 3247 1005 3307 opes.
1047 3228 1091 3287 At
1111 3226 1209 3285 simul
1230 3227 1319 3285 into·

108 3369 109 3372 ,
167 3313 236 3372 nuit
257 3313 390 3390 fugiunt
410 3331 472 3372 nec
491 3315 643 3372 noscitur
661 3313 719 3372 ulli
738 3313 940 3389 Agminibus
960 3309 1118 3370 comitum
1138 3308 1194 3386 qni
1215 3306 1317 3366 modo

168 3396 298 3454 cinctus
320 3405 401 3455 erat.
446 3394 494 3454 Sic
515 3394 602 3471 igitur
623 3394 693 3454 dum
715 3395 839 3456 Ouidius
863 3394 1055 3471 prosperitate
1076 3391 1191 3450 floreret
1211 3391 1318 3449 domus

167 3477 230 3535 eius
251 3477 336 3535 turba
356 3477 499 3536 nobilium
520 3476 763 3552 frequentabatur,
785 3487 941 3554 postquam
962 3492 1033 3534 uero
1053 3474 1084 3532 in
1105 3473 1224 3533 exilium
1245 3471 1318 3530 rele-

168 3568 253 3634 gatus
267 3568 319 3628 est,
334 3576 438 3617 omnes
456 3575 551 3634 paene
565 3558 761 3618 discesserunt
779 3568 943 3618 metuentes
959 3564 1079 3635 propter
1096 3555 1318 3614 familiaritatem

168 3639 230 3698 eius
244 3641 317 3698 iram
331 3640 513 3716 imperatoris
527 3639 684 3700 incurrere.
727 3640 857 3713 Quidam
871 3642 958 3700 etiam
974 3639 1010 3699 de
1025 3657 1062 3698 eo
1075 3638 1170 3697 malos
1184 3654 1317 3696 rumores

168 3720 279 3780 ferebat
297 3721 326 3779 in
345 3721 424 3780 curia
441 3731 575 3780 metuens
594 3740 632 3781 ne
649 3721 686 3782 de
703 3724 789 3782 exilio
808 3723 871 3801 ipse
889 3722 1066 3799 repatriaret,
1082 3719 1181 3780 Ouidii
1200 3736 1318 3795 posses·

168 3803 268 3862 siones
283 3803 383 3862 sitiens
397 3813 426 3862 et
442 3821 572 3862 uxorem.
615 3803 683 3865 Hac
700 3805 787 3881 igitur
801 3806 838 3864 de
853 3824 942 3865 causa
960 3803 1128 3880 compulsus
1144 3801 1268 3862 Ouidius
1286 3801 1318 3858 in

168 3901 237 3942 eum
252 3885 320 3944 facit
334 3885 525 3956 inuectiones,
537 3886 584 3944 uel
598 3886 667 3945 odio
682 3905 737 3947 suo
751 3887 832 3964 quod
846 3905 916 3963 erga
929 3885 1060 3945 inuidum
1074 3884 1202 3943 habebat
1216 3892 1246 3941 et
1258 3882 1319 3941 irae

169 3983 240 4024 suae
258 3967 379 4042 cupiens
395 3967 560 4026 satisfacere
578 3968 625 4025 uel
646 3987 698 4045 per
715 3969 896 4027 inuectiones
914 3969 984 4027 istas
1002 3985 1020 4025 a
1037 3965 1224 4025 detractionis
1242 3964 1319 4023 uitiis

169 4048 338 4107 absterrere.
380 4047 503 4106 Materia
523 4048 609 4124 igitur
625 4049 710 4109 huius
730 4050 855 4108 auctoris
874 4050 904 4107 in
924 4049 982 4108 hoc
999 4065 1088 4123 opere
1108 4056 1152 4105 est
1171 4045 1318 4105 execratio

169 4128 269 4200 inuidi,
284 4130 408 4188 intentio
422 4131 549 4189 execrari
568 4130 700 4188 inuidum
719 4130 852 4189 faciendo
868 4130 1048 4189 inuectiones
1062 4129 1093 4187 in
1109 4129 1215 4204 ipsum,
1229 4144 1319 4186 causa

170 4210 340 4271 intentionis
353 4210 460 4286 duplex
474 4210 571 4270 uelut
590 4212 649 4270 irae
670 4229 740 4270 suae
759 4221 788 4270 et
806 4211 876 4270 odio
896 4211 927 4269 in
947 4210 1078 4268 inuidum
1097 4208 1253 4268 satisfaciat
1271 4209 1320 4268 uel

170 4301 203 4351 ut
217 4309 285 4350 eum
299 4292 466 4352 execrando
480 4310 498 4351 a
511 4292 688 4351 detractione
702 4292 850 4351 deterreat.
892 4290 1007 4351 Vtilitas
1022 4302 1065 4350 est
1079 4300 1140 4349 tota
1157 4289 1281 4350 auctoris
1295 4308 1318 4350 s.

172 4373 324 4433 delectatio
338 4391 427 4450 quarn
448 4373 536 4431 habet
554 4373 756 4433 maledicendo
778 4373 888 4444 inuido,
902 4372 948 4432 uel
969 4373 1074 4432 utilitas
1094 4380 1139 4431 est
1158 4371 1272 4431 lectoris
1294 4390 1318 4431 s.

169 4455 488 4531 cognitiofabularum
517 4455 557 4535 in·
571 4455 629 4515 hoc
653 4473 742 4533 opere
767 4456 997 4532 compilatarum.
1047 4454 1162 4514 Titulus
1186 4454 1250 4514 talis
1275 4464 1320 4515 est
