3126 4980
651 401 696 460 IN
726 390 822 462 IBIN.
1219 351 1222 356 ·
1253 405 1289 462 91

139 577 244 620 curans
269 558 306 618 de
329 559 397 630 uita,
420 568 449 618 et
469 569 600 618 mortuus
626 557 696 618 est*
737 560 838 619 acriter
873 559 1113 638 reprehendebat,
1144 558 1194 636 qui
1225 565 1292 618 'eum

142 642 178 702 G.
737 644 768 700 in
781 643 844 718 ipsa
865 643 1033 701 recitatione
1055 660 1122 701 cum
1142 642 1245 717 sagitta
1261 641 1292 698 in

149 771 151 775 ,
182 721 401 786 *Aristochiusr
411 731 499 799 poeta
511 741 628 782 carmen
640 731 695 782 tra·
736 741 827 782 manu
841 725 942 783 dextra
960 723 1137 783 uulnerauit:
1159 721 1236 782 unde
1251 723 1293 781 sic

139 806 237 880 gicum
252 824 303 881 per
324 804 427 863 siluam
447 806 589 863 transiens
603 805 696 863 medi·
736 806 892 864 emittendo
917 806 1090 882 sanguinem
1111 806 1203 882 periit,
1218 815 1292 864 teste

140 889 260 956 tabatur,
289 887 336 945 cui
363 904 483 961 serpens
514 905 551 944 ex
580 889 693 958 arbore,
736 885 848 946 Gallo*
893 886 920 947 C
931 892 957 945 et
969 887 1038 946 Ask.

140 969 223 1027 cuius
251 967 318 1026 lolia
339 977 529 1043 percusserat,
559 967 696 1028 decidens

140 1067 262 1107 manum
283 1049 450 1114 momordit,
482 1067 571 1126 quare
603 1059 695 1109 extre·

140 1149 222 1189 mum
236 1130 314 1188 diem
328 1128 425 1189 obiit*
448 1130 514 1191 Cod.
530 1130 693 1208 Saluagm's'.

183 1225 251 1287 527.
273 1211 388 1288 thue
410 1213 694 1288 Agamemnonio.
778 1212 899 1273 Orestes
940 1212 1014 1272 iilius
1047 1211 1291 1288 Agamemnonis,

141 1293 262 1353 Orestes
289 1294 326 1353 de
349 1304 445 1352 morte
470 1294 540 1352 Pirri
569 1295 694 1367 rediens,
737 1313 804 1355 cum
826 1305 1013 1354 reuerteretur
1031 1296 1068 1353 ab
1089 1293 1290 1354 interfectione

141 1374 254 1435 calcato
269 1384 403 1452 serpente
418 1375 531 1434 interiit.
576 1374 613 1436 G.
737 1377 817 1448 Pirri,
832 1378 945 1437 calcato
960 1386 1094 1454 serpente
1110 1377 1224 1434 interiit.
1264 1373 1291 1433 C

736 1457 845 1517 etAs'k.

183 1551 251 1614 529.
275 1537 325 1598 Sit
345 1537 409 1597 tibi
430 1537 593 1616 coniugii.
635 1537 694 1596 Eu·
777 1539 899 1616 Eupolis
914 1549 943 1599 et
957 1559 1030 1599 uxor
1044 1558 1097 1599 sua
1108 1538 1246 1602 †Medela
1260 1537 1291 1594 in

141 1621 219 1697 polis
231 1631 259 1679 et
273 1638 347 1678 uxor
361 1638 413 1678 sua
427 1621 522 1698 primo
537 1622 695 1681 concubitu
735 1623 831 1698 primo
851 1623 1010 1681 concubitu
1028 1621 1170 1680 interiecti
1191 1628 1288 1678 sunta

141 1702 287 1778 perierunt
316 1701 446 1777 fulmine,
474 1720 563 1761 causa
595 1713 694 1761 tamen
736 1703 817 1774 Ioue,
829 1705 898 1780 quia
909 1702 1143 1764 sacrificauerunt
1152 1702 1291 1764 omuibus

140 1782 218 1842 latet.
273 1783 321 1843 uel
350 1784 417 1842 ideo
452 1785 521 1861 quia
548 1782 611 1842 aliis
640 1785 695 1843 diis
736 1785 790 1844 diis
805 1796 834 1844 et
848 1804 911 1844 non
924 1785 999 1843 loui.
1044 1783 1072 1844 C
1083 1782 1191 1842 etAsk.

142 1864 254 1925 uocatis
269 1865 349 1924 Iouis
363 1864 443 1923 obliti
460 1875 536 1926 sunt.
581 1865 619 1925 G.

185 1960 252 2022 531.
289 1946 403 2022 thue
437 1947 696 2007 cothurnatum.
779 1945 910 2007 *Licoris
942 1947 1062 2023 quidam
1098 1956 1187 2023 poeta
1221 1945 1292 2005 scri-

143 2025 346 2105 *Licophorus
364 2028 489 2105 tragicus
508 2029 596 2088 nimis
611 2030 695 2104 igno·
736 2031 811 2089 bens
845 2030 1021 2106 tragoediam
1055 2045 1211 2106 percussus
1248 2035 1292 2086 est

141 2199 205 2237 zare
229 2184 253 2238 G
359 2181 559 2253 †Arist0chius]
586 2187 629 2238 An
648 2184 742 2238 Aristo
764 2184 871 2238 Chius-i
901 2203 937 2238 an
958 2184 1173 2251 Aristomachus,
1198 2185 1240 2252 qui
1263 2183 1290 2236 in

141 2255 246 2309 Scholiis
256 2255 414 2309 Arateorum
428 2257 576 2309 Germanici
587 2268 744 2326 nuncupatus
755 2268 793 2310 cst
801 2268 827 2326 p.
842 2259 890 2322 164
900 2256 938 2310 ed.
948 2258 1073 2325 Breysigi
1131 2255 1291 2308 Licofirrius

141 2325 187 2378 uel
199 2325 380 2379 Licostrarius
392 2328 458 2380 Ask.
511 2342 592 2394 puras
605 2328 621 2381 i.
635 2347 684 2381 om.
698 2328 761 2381 Ask.
817 2327 901 2380 mirus
912 2328 1049 2381 acriterC
1098 2326 1145 2394 qui
1158 2341 1222 2379 cum
1234 2326 1291 2392 ipsa

142 2396 336 2450 recitationeC
380 2396 494 2450 dextera
503 2399 568 2451 Ask.
617 2398 800 2451 emittendaG
851 2399 1030 2468 Saluaguiana
1030 2399 1174 2465 fabulasic
1183 2407 1255 2450 extat
1263 2397 1291 2448 in

143 2470 271 2521 Patauino
283 2469 362 2520 codice
372 2467 509 2521 Carcirius
519 2467 549 2537 (l.
559 2467 702 2538 Carcinus)
715 2475 797 2537 poeta
809 2469 937 2536 tragicus,
944 2476 975 2522 ut
986 2469 1147 2521 Eustachius
1155 2472 1291 2520 memorat

143 2538 216 2591 invii
227 2538 390 2590 Ethicorum
399 2539 552 2592 Aristotelis
561 2539 640 2606 libro,
650 2540 685 2592 de
696 2541 832 2593 Cercione
844 2541 958 2608 scripsit,
967 2547 995 2593 et
1004 2539 1119 2607 Alepam
1132 2539 1162 2608 (l.
1171 2537 1289 2605 Alopenl

144 2609 200 2661 eius
210 2608 292 2660 filiam
301 2609 454 2662 adulteram
464 2610 548 2677 patris
557 2609 707 2665 infamauit.
738 2618 906 2681 quapropter
915 2612 1046 2664 traiectus
1054 2610 1142 2677 gladio
1152 2609 1291 2662 extinctus

144 2685 195 2732 est.
230 2680 276 2731 uel
288 2679 470 2746 intelligamus
482 2679 516 2733 de
529 2681 732 2736 Aristomachio
751 2680 772 2750 (t
781 2683 910 2735 Aristone
927 2678 1001 2748 chio)
1018 2687 1101 2749 poeta
1119 2681 1166 2748 qui
1179 2680 1292 2747 quidem¹

143 2750 210 2802 dum
231 2749 365 2816 tragicum
384 2766 496 2804 carmen
519 2752 701 2805 meditaretur
718 2768 768 2820 per
786 2753 881 2806 siluam
902 2753 1033 2805 incedens
1053 2751 1158 2804 arboris
1178 2750 1291 2803 frondes

143 2821 303 2874 decutiebat
322 2837 442 2874 securus
478 2823 552 2891 quod
573 2822 640 2875 dum
661 2823 766 2877 faceret
786 2824 921 2891 serpentis
942 2839 1035 2875 morsu
1057 2822 1187 2876 concidit.
1224 2821 1291 2874 Vnde

144 2894 233 2945 merito
253 2894 385 2961 suspiceris
401 2902 482 2946 totam
500 2893 566 2946 hanc
577 2894 706 2962 fabulam
723 2895 752 2947 de
768 2906 842 2963 poeta
859 2904 970 2962 serpente
987 2896 1064 2946 occiso
1081 2913 1113 2945 ex
1126 2895 1188 2946 Eth.
1202 2892 1289 2955 VIL7
1368 2891 1371 2898 ’

144 2963 233 3031 ὥσπερ
246 2964 260 3015 ὁ
273 2962 414 3016 Θεοδέκτου
431 2961 588 3031 Φιλοκτήτης
603 2964 653 3017 ὑπό
669 2967 715 3018 τοῦ
731 2965 809 3033 ἔχεως
825 2962 1004 3034 πεπληγμένος
1020 2963 1034 3030 ἢ
1052 2966 1066 3016 ὁ
1083 2963 1209 3029 Καρκίνου
1221 2962 1249 3015 ἐν
1260 2961 1292 3029 τῇ

142 3030 243 3101 Ἀλόπῃ
268 3030 388 3103 Κερκύων
411 3035 548 3100 cnsssatam
564 3036 658 3103 fuisse,
683 3037 721 3088 uti
741 3045 797 3104 post
821 3037 979 3104 Leopardum
1001 3036 1139 3088 Meinekius
1160 3035 1292 3097 docuitde

144 3104 252 3158 Carcine
271 3105 394 3157 disserens
415 3105 483 3158 Hiss.
504 3106 571 3159 Cret.
593 3106 662 3158 Com.
685 3106 775 3158 Graec.
789 3119 816 3175 p.
832 3123 891 3169 512.
928 3106 997 3159 Idem
1015 3107 1154 3159 Meinekius
1174 3106 1291 3157 Aristoni

145 3177 213 3240 Chio,
227 3177 306 3229 Stoico
316 3174 466 3245 philosopho,
478 3179 597 3246 assignat
614 3177 769 3245 undeuiginti
778 3178 875 3229 iambos
891 3179 1040 3230 comicorum
1052 3176 1089 3229 ad
1101 3176 1291 3229 similitudinem

143 3257 183 3314 ap.
198 3247 324 3314 ιἹίοεομδίί.
341 3265 362 3298 c.
380 3247 532 3314 Autolycum
547 3249 597 3300 ΙΙΙ.
613 3260 627 3310 7
646 3249 684 3300 ed.
704 3248 779 3313 Osto;
806 3266 960 3315 quamquam
978 3250 1045 3302 inter
1062 3248 1195 3300 Aristones
1212 3247 1290 3297 etiam

144 3318 260 3386 tragicus
278 3329 436 3370 memoratur
454 3337 472 3370 a
491 3319 566 3386 Diog.
588 3320 619 3370 L.
639 3319 772 3383 VIL164.
808 3320 881 3387 Quae
899 3320 921 3371 C
936 3328 961 3370 et
978 3320 1052 3371 Ask.·
1066 3319 1160 3370 habent
1177 3317 1292 3385 proxime

144 3388 265 3441 accedunt
288 3387 326 3440 ad
346 3407 376 3441 ea
401 3408 465 3456 quae
488 3390 518 3441 dc
540 3390 643 3442 Anthea
663 3390 753 3442 Lindia
771 3391 858 3443 tradit
877 3391 1023 3442 Athenaeus
1044 3405 1103 3455 445·
1153 3388 1201 3440 Hic
1224 3388 1291 3439 enim

143 3456 321 3527 πρεσβύτερος
339 3459 380 3511 καὶ
398 3457 524 3527 εὐδαίμων
541 3459 676 3529 ἅνθρωπος
692 3459 789 3529 εὐφυής
803 3481 831 3513 τε
848 3460 906 3529 περὶ
918 3460 1024 3527 ποίησιν
1035 3459 1071 3512 ὢν
1082 3458 1165 3513 πάντα
1177 3459 1221 3511 τόν
1232 3458 1292 3520 βίον

144 3527 325 3595 ἐδιονυσίαζεν,
343 3529 442 3596 ἐσθῆτά
459 3551 488 3583 τε
506 3529 669 3597 διονυσιακίγν
686 3531 777 3600 φορῶν
797 3530 838 3584 καὶ
855 3531 971 3586 πολλοὺς
991 3530 1096 3599 τρέφων
1123 3529 1292 3598 συμβάκχους

144 3598 222 3670 ε’ξῆγέ
239 3621 267 3654 τε
285 3605 369 3667 κῶμον
386 3600 425 3654 ἀεὶ
443 3596 499 3668 μεθ’
512 3599 608 3691 ἱμέραν
626 3602 667 3655 καὶ
683 3599 790 3670 νίικτωρ.
817 3601 858 3655 καὶ
869 3607 970 3670 πρῶτος
981 3599 1039 3671 εὗρε
1050 3601 1097 3668 τὴν
1113 3600 1155 3654 διὰ
1166 3605 1217 3655 τῶν
1230 3621 1292 3653 συν-

144 3669 225 3723 θέτων
236 3668 367 3736 ὀνομάτων
383 3671 497 3738 ποίησιν,
513 3694 529 3738 η
547 3667 737 3741 Ἀσωπόδωρος
748 3674 762 3725 ὁ
775 3673 900 3727 Φλιάσιος
916 3670 1026 3741 ὕστερον
1042 3669 1175 3741 ε’χρίγσατο
1194 3671 1222 3724 ἔν
1237 3673 1292 3725 τοῖς

145 3741 324 3810 καταλογάδην
336 3740 446 3811 ἰάμβοις·
469 3740 544 3796 οὗτος
557 3742 585 3796 δὲ
597 3743 639 3795 καὶ
651 3743 782 3813 κωμῳδίας
794 3743 873 3798 ε’ποίει
886 3744 926 3796 καὶ
938 3743 1008 3797 ἄλλα
1019 3744 1108 3796 πολλὰ
1120 3739 1243 3813 ἐντούτῳ
1255 3741 1292 3813 τῷ

144 3812 232 3880 τρόπῳ
244 3815 295 3864 τῶν
305 3812 461 3879 ποιημάτων,
474 3811 490 3865 ό
502 3812 596 3883 ἐξῆρχε
609 3815 663 3868 τοῖς
674 3812 729 3881 μεθ’
743 3813 821 3868 αὑτοῦ
833 3815 1050 3883 φαλλοφοροῦσι.

181 3895 242 3945 527·
261 3881 398 3936 Horestes
412 3885 458 3936 GC
522 3884 730 3950 agamenonisG
794 3889 882 3938 Tacta.
894 3887 932 3939 ad
942 3888 1000 3953 Lyc.
1016 3898 1083 3952 1374
1096 3883 1172 3939 αὐτὸς
1187 3882 1215 3936 δὲ
1227 3884 1292 3951 μετὰ

144 3955 195 4005 τῶν
207 3951 330 4020 ἀδελφῶν
345 3952 443 4007 ἀνελὼν
455 3957 638 4024 Νεοπτόλεμον
653 3955 698 4009 τδν
709 3954 861 4025 Ἀχιλλέως,
874 3956 967 4026 ἔγημεν
977 3953 1114 4023 Ἑρμιόνην
1129 3955 1159 4020 ἐξ
1174 3953 1204 4021 ἧς
1214 3956 1291 4023 γεννᾷ

144 4023 297 4090 Τισαμενόν.
320 4020 360 4075 Ἢ
373 4024 436 4078 κατά
451 4046 522 4080 τινας
534 4023 673 4097 Ἠριγόνην
684 4024 766 4096 γήμας
781 4027 827 4093 τὴν
839 4025 966 4097 Αἰγίσθου
978 4025 1107 4079 Πένθιλον
1118 4027 1203 4094 γεννᾷ,
1217 4024 1293 4075 οίκῶν

144 4093 173 4146 ἐν
189 4090 313 4161 Ὀρεστίᾳ
327 4096 372 4161 τῆς
389 4090 533 4164 Ἀρκαδίας,
546 4095 610 4150 ὅπου
627 4097 677 4151 ὑπό
695 4095 778 4168 ὄφεως
795 4097 899 4166 δηχθεὶς
917 4097 1064 4162 ἀναιρεῖται.
1100 4096 1150 4148 Sed
1166 4095 1292 4148 condicit

144 4165 250 4216 Tzetzes
263 4184 347 4234 angae
359 4165 472 4220 Orestem
480 4170 585 4236 periisse
596 4167 657 4221 dum
669 4167 703 4221 ab
715 4168 841 4222 occidendo
853 4170 951 4235 Pyrrho
964 4169 1109 4220 reuertitur.

182 4250 243 4301 529·
263 4235 425 4303 EupotusG
532 4238 636 4291 Ebolus
653 4239 698 4291 uel
715 4238 876 4291 Ebalusuel
893 4237 1022 4305 Empalus
1038 4238 1104 4290 Ask.
1211 4235 1295 4303 quiG

144 4305 366 4359 sacrificauerant
387 4307 453 4362 Ask.
535 4309 611 4362 Mure
634 4329 656 4362 s.
674 4328 699 4363 a.
722 4308 833 4377 Eupolis
857 4309 904 4377 qui
928 4307 1080 4361 secundum
1104 4305 1170 4360 alios
1191 4305 1293 4360 dicitur

146 4377 242 4444 Ypolis
254 4393 318 4430 cum
331 4378 447 4444 coniuge
459 4393 507 4430 sua
523 4379 631 4432 medela
647 4380 674 4433 in
691 4380 779 4447 prima
795 4385 877 4433 nocte
894 4379 1053 4447 nupciarum
1066 4383 1095 4432 et
1107 4377 1196 4446 primo
1208 4383 1293 4448 coytu

145 4448 226 4515 periit
262 4449 362 4502 Nomen
374 4451 461 4502 uxoris
474 4450 608 4504 Λυκαίνιον
618 4452 655 4504 est
668 4453 694 4504 in
706 4454 890 4520 epigrammate
899 4453 935 4504 A.
945 4453 977 4503 P.
988 4453 1046 4503 VH.
1058 4455 1118 4516 298.
1130 4466 1154 4514 3.

183 4535 243 4584 531.
261 4521 392 4575 Historiae
393 4518 517 4587 ficticiae.
553 4521 775 4590 LicorphorusG
859 4522 974 4591 Lycoris
985 4524 1053 4576 Ask.
1134 4534 1227 4588 passus
1240 4519 1292 4573 fuit
