3082 4980
164 368 168 376 '
244 389 332 447 xxxiv
661 388 987 448 PROLttGOMENA.

285 546 344 606 Hic
358 565 460 605 uersus
475 550 573 621 59-62
591 546 783 607 Schneiderus
803 567 870 606 cum
891 550 1007 623 reliquis
1026 550 1065 605 ita
1080 547 1171 606 credit
1187 565 1322 606 conexos
1337 564 1403 605 non
1486 604 1487 607 ,

244 639 275 687 ut
300 630 330 686 in
351 628 434 687 Ibide
455 627 655 687 CaIIImachea
677 628 780 687 fuerint
804 650 896 687 caecae
917 630 1049 688 historiae
1073 630 1126 688 sed
1148 640 1180 687 ut
1205 629 1349 704 ambages
1371 639 1404 687 et

243 710 450 769 obscuritatem
464 727 537 786 quas
555 709 601 767 ille
620 711 650 768 in
670 710 846 769 carminibus
860 711 926 769 alibi
946 710 1142 782 adsectauerit,
1158 709 1282 770 Ouidius
1297 711 1329 768 in
1345 728 1403 768 sua

244 791 327 849 Ibide
346 791 475 849 imitatus
495 791 539 849 sit.
581 790 674 863 Quasi
693 809 764 850 uero
783 791 854 850 boni
875 802 980 868 poetae
1001 802 1076 850 esset
1097 801 1255 868 postquam
1275 791 1404 850 dixisset

244 873 352 931 eodem
370 890 401 930 se
415 872 508 930 modo
522 872 695 930 deuoturum
717 873 866 932 inimicum
882 891 940 949 quo
955 873 1022 931 Ibin
1037 873 1242 943 Callimachus,
1256 872 1286 930 id
1300 890 1401 948 genus

244 971 340 1012 rerum
362 952 515 1010 adnectere
537 953 617 1029 quod
637 955 667 1011 iu
688 955 757 1012 aliis
776 955 952 1013 carminibus
972 954 1152 1025 Callimachi,
1174 949 1235 1013 non
1257 954 1288 1011 in
1309 953 1401 1012 Ibide

244 1046 329 1094 esset.
371 1032 477 1092 Talem
491 1051 600 1091 nexum
614 1052 676 1092 non
688 1033 851 1094 Ouidianus
866 1035 961 1094 solum
976 1035 1066 1111 stylus
1081 1046 1168 1112 atque
1183 1036 1256 1094 ordo
1268 1033 1400 1106 dicendi,

245 1116 298 1175 sed
326 1116 390 1190 ipsa
417 1115 474 1173 loci
502 1116 644 1174 sententia
668 1117 784 1192 respuit.
838 1115 907 1188 Quo
932 1117 1011 1175 enim
1040 1117 1130 1175 modo
1157 1117 1304 1176 Battiades
1329 1116 1401 1174 Ibin

246 1198 385 1257 deuouit?
428 1194 544 1272 Nempe
566 1197 691 1255 bz'stortii
715 1200 809 1267 coecas,
833 1216 884 1272 per
906 1200 1046 1274 ambages
1067 1207 1096 1257 et
1121 1199 1288 1274 aenIgmata
1311 1195 1401 1255 fabu-

244 1279 346 1337 larum.
379 1277 463 1350 Quae
474 1287 506 1334 ut
520 1295 581 1336 non
595 1280 694 1353 magni
709 1280 833 1337 ambitus
844 1279 874 1336 in
886 1279 993 1355 exiguo
1005 1279 1101 1337 libello
1112 1278 1201 1338 fuisse
1212 1280 1398 1353 colligantur,

245 1359 368 1418 omnino
383 1368 459 1417 certe
474 1360 576 1417 abesse
593 1377 654 1418 non
674 1368 815 1435 poterant.
861 1359 966 1437 Neque
981 1361 1060 1418 aliter
1075 1361 1173 1418 locum
1192 1361 1399 1435 interpretatus

245 1451 290 1499 est
311 1441 459 1499 Bentleius
480 1458 514 1498 ac
536 1441 624 1499 ceteri
645 1451 757 1516 praeter
776 1441 950 1501 Conatium:
983 1452 1085 1517 estque
1106 1460 1153 1501 res
1174 1440 1400 1517 simplicissima,

245 1541 302 1580 nec
320 1541 394 1598 quae
413 1522 478 1580 ullis
497 1521 639 1580 machinis
658 1523 696 1580 ad
717 1522 747 1579 id
766 1523 970 1598 detorqueatur
987 1524 1068 1599 quod
1083 1523 1276 1581 Schneiderus
1296 1522 1399 1582 uoluit.

246 1603 326 1677 Quid
343 1603 424 1680 quod
443 1603 563 1679 singulis
580 1603 708 1661 distichis
725 1606 813 1677 57-8,
830 1608 938 1680 59-60‚
955 1608 1043 1674 61-2,
1061 1607 1149 1677 63-4,
1164 1605 1231 1662 Ibin
1251 1621 1400 1678 nusquam

245 1686 339 1756 mittit,
358 1687 396 1744 ab
415 1683 498 1742 Ibide
513 1684 711 1744 Callimachea
729 1685 767 1743 ad
789 1703 872 1744 suam
888 1685 953 1764 (69)
971 1687 1160 1762 progreditur,
1179 1685 1400 1756 obscuritatem,

245 1785 355 1826 nomen
370 1766 582 1826 Callimacheae
596 1765 688 1823 Ibidis
702 1767 732 1823 ln
750 1784 836 1824 suum
855 1768 1006 1825 immicum
1021 1768 1172 1825 conuertit.
1215 1767 1300 1825 Idem
1319 1776 1402 1841 patet

245 1858 275 1906 et
302 1866 339 1905 ex
367 1849 463 1906 uerbis
493 1847 607 1906 Suidae.
661 1846 740 1904 Nam
767 1849 791 1906 si
819 1849 877 1906 hoc
904 1857 978 1907 teste
1007 1849 1067 1906 Ibis
1097 1867 1206 1925 poema
1233 1847 1286 1906 fuit
1315 1851 1402 1904 ἐπιτε-

245 1931 394 2000 τηδευμένον
414 1931 450 1987 εἰς
469 1929 599 2002 ἀσάφειαν
618 1931 657 1984 καὶ
676 1931 814 2000 λοιδορίαν,
828 1947 899 1988 uero
919 1930 1011 1988 simile
1033 1938 1077 1988 est
1097 1948 1159 1988 non
1181 1930 1402 2005 epigrammatis

246 2011 276 2069 in
294 2011 442 2078 ambitum,
460 2009 512 2068 sed
533 2027 588 2067 nec
607 2010 638 2066 in
659 2008 784 2068 formam
802 2012 1000 2087 compositum
1019 2011 1115 2070 fuisse.
1160 2010 1236 2069 Sane
1254 2029 1291 2068 ex
1310 2009 1403 2069 Suida

245 2101 275 2150 et
302 2091 436 2149 Eudocia
464 2091 571 2148 sciurus
599 2091 770 2149 Archibium
798 2093 1041 2151 commentarium
1068 2094 1130 2150 siue
1157 2093 1282 2166 ἐξήγησιν
1310 2092 1402 2167 scrip-

246 2173 318 2231 sisse
333 2171 505 2231 Callimachi
519 2170 793 2247 Epigrammatum;
823 2174 875 2232 sed
895 2192 991 2249 neque
1010 2175 1082 2232 inter
1095 2173 1318 2249 Epigrammata
1332 2174 1404 2232 lbin

247 2254 402 2330 quisquam
416 2263 547 2312 ueterum
560 2254 661 2325 retulit,
674 2272 729 2311 nec
744 2255 767 2311 si
783 2255 964 2330 epigramma
978 2255 1086 2325 luisset,
1099 2255 1227 2313 latuisset
1242 2253 1332 2312 credo
1346 2256 1403 2314 sed

245 2336 277 2393 in
299 2333 509 2410 Anthologiam
536 2336 723 2410 peruenisset.
769 2335 857 2394 Nunc
882 2354 951 2395 cum
973 2354 1036 2394 non
1064 2347 1151 2406 extet,
1175 2354 1240 2393 eam
1270 2335 1402 2411 speciem

246 2416 356 2486 habuit,
384 2416 498 2490 opinor,
526 2434 615 2491 quam
649 2427 761 2475 ceterae
789 2417 932 2476 elusmodi
959 2418 1041 2489 Ἀραί.
1085 2416 1245 2493 Scripserat
1274 2420 1404 2490 κατευχὰς

248 2496 422 2566 Simonides,
444 2497 468 2554 si
489 2508 566 2555 recte
588 2516 699 2556 nomen
720 2498 856 2557 traditum
877 2508 920 2556 est
942 2499 972 2556 in
994 2498 1091 2557 Schol.
1112 2497 1170 2558 Od.
1189 2502 1210 2568 ζ.
1235 2499 1301 2568 164,
1321 2499 1404 2571 ’Apte

247 2577 354 2636 Moero
369 2577 508 2653 Byzantia
522 2577 667 2656 (Parthen.
682 2579 762 2637 Erot.
780 2579 830 2657 27)
844 2590 873 2638 et
890 2580 1062 2655 Euphorion
1079 2579 1287 2646 Chalcidensis,
1303 2579 1351 2637 hic
1370 2580 1403 2638 ln

246 2659 340 2718 furem
356 2660 406 2736 qui
425 2660 564 2734 poculum
584 2661 765 2735 surripuerat,
780 2670 811 2718 ut
831 2679 867 2718 ex
882 2661 971 2720 altero
989 2662 1110 2719 nomine
1124 2660 1262 2718 carminis
1278 2685 1403 2732 ποτηριο-

247 2741 343 2811 κλέπτῃ
365 2740 513 2799 concludit
534 2739 699 2800 Meinekius
721 2741 806 2799 Anal.
821 2742 905 2800 Alex.
921 2762 950 2820 p.
968 2762 1013 2812 20,
1035 2742 1084 2801 illa
1105 2742 1142 2801 de
1163 2742 1288 2799 Alcinoe
1309 2760 1404 2817 quam

247 2821 396 2880 Nicandra
417 2822 583 2892 deuoueret,
606 2823 685 2898 quod
707 2841 739 2881 se
764 2842 832 2882 cum
856 2833 919 2882 toto
941 2841 1020 2882 anno
1046 2822 1124 2900 apud
1150 2841 1216 2881 eam
1237 2822 1404 2881 laborasset

247 2903 341 2961 soluta
366 2912 479 2961 tantum
507 2914 588 2978 parte
614 2904 753 2963 mercedis
779 2924 797 2963 a
822 2905 913 2962 domo
942 2904 1094 2981 exegisset.
1138 2904 1206 2962 Hae
1231 2904 1401 2979 perierunt:

248 2984 450 3044 Romanorum
464 2996 564 3043 contra
578 2995 733 3060 supersunt
750 2985 809 3044 duo
827 2984 1019 3044 deuotionum
1034 2987 1170 3056 carmina,
1185 2984 1273 3043 Dirae
1288 2983 1404 3044 Valerii

248 3065 369 3125 CatonIs
386 3076 414 3124 et
432 3065 530 3125 Ouidii
551 3064 619 3126 Ibis.
661 3067 858 3143 Euphorionis
878 3085 914 3126 ex
934 3068 1011 3127 DIris
1031 3086 1119 3144 quem
1140 3067 1260 3125 unicum
1282 3084 1405 3125 uersum

247 3158 400 3208 seruarunt
421 3148 522 3223 Steph.
538 3148 572 3206 B.
587 3167 609 3207 s.
621 3167 649 3207 u.
664 3148 763 3218 Ἀλύβη
783 3158 812 3206 et
827 3147 924 3207 Schoi
940 3149 1053 3208 Theoc.
1070 3149 1097 3206 ii.
1116 3167 1130 3205 a
1152 3147 1323 3206 hexameter
1345 3158 1402 3219 est,

245 3240 279 3288 -ut
293 3231 363 3289 nihil
377 3231 445 3288 inde
460 3230 556 3304 colligi
568 3231 659 3304 possit
674 3230 711 3289 de
722 3229 893 3288 Callimachi
907 3230 990 3288 Ibide
1004 3248 1094 3306 quam
1109 3228 1283 3305 Euphorion
1298 3247 1403 3304 presse

247 3321 363 3370 secutus
377 3312 509 3369 uideatur
523 3310 681 3369 Meinekio.
726 3309 805 3368 Nam
820 3309 914 3368 Diras
933 3311 1108 3369 hexametris
1127 3311 1240 3386 scripsit
1256 3309 1331 3368 Cato
1347 3329 1403 3369 seu

248 3393 398 3470 quisalius
413 3392 482 3450 suit:
505 3410 560 3450 nec
575 3392 629 3450 nisi
644 3411 681 3450 ex
696 3390 843 3450 Ouidiana
858 3392 941 3451 Ibide
955 3403 985 3451 et
999 3394 1060 3450 eius
1075 3392 1198 3451 Scholiis
1219 3391 1324 3449 afferas
1347 3410 1402 3450 cur

248 3491 311 3531 non
332 3472 507 3531 hexametris
529 3482 607 3531 totae
629 3474 808 3549 compositae
831 3474 887 3532 sint
910 3483 938 3532 et
959 3473 1131 3534 CalIImachi
1152 3483 1180 3531 et
1201 3471 1402 3548 Euphorionis

249 3554 431 3613 deuoti0nes.
949 3570 953 3576 ·

289 3634 366 3692 Illud
380 3634 573 3694 omittendum
588 3653 648 3693 non
664 3644 723 3693 erat
737 3636 768 3692 in
782 3635 836 3694 hac
850 3655 880 3694 re
896 3637 976 3713 quod
991 3637 1029 3694 ad
1043 3655 1070 3694 u.
1087 3634 1130 3693 lb.
1142 3650 1201 3710 315
1224 3635 1307 3709 thue
1322 3653 1405 3692 neca·

249 3722 338 3773 torum
350 3714 559 3795 Daret'fraude
572 3718 685 3773 secundi
694 3715 744 3775 Sic
757 3725 806 3774 tua
819 3719 960 3775 substiteris
974 3719 1082 3775 deuoret
1094 3737 1144 3775 oro
1158 3719 1230 3774 tritri
1240 3715 1406 3775 Scholiasta

250 3797 398 3856 Galeanus
425 3796 497 3856 haec
522 3797 636 3856 tradidit
658 3796 772 3855 Dareus
789 3799 826 3875 fi.
846 3801 940 3874 przhzt'
957 3798 1054 3856 Darei
1071 3802 1139 3875 quio
1162 3798 1318 3856 hominibus
1340 3801 1406 3856 suis

250 3881 362 3936 aaroni!
380 3880 454 3954 quod
470 3898 523 3936 nan
544 3881 674 3936 vectitare!
693 3899 734 3937 eos
756 3899 854 3937 ueneno
875 3882 947 3938 sicut
965 3886 1046 3955 pater
1065 3899 1134 3938 suus
1154 3881 1296 3937 consueuit
1313 3879 1407 3936 carzere

248 3960 338 4018 calado
352 3980 394 4018 eor
408 3961 550 4038 interfecit.
601 3960 674 4018 Vnde
690 3961 863 4020 Collt'macur
876 3968 973 4019 contra
987 3981 1069 4019 suum
1083 3959 1150 4018 Ibin
1166 3959 1215 4019 Sic
1229 3967 1259 4017 tu
1277 3960 1406 4034 depereat

249 4045 322 4101 strui
327 4044 437 4118 pert'ere
448 4044 562 4100 secundi
575 4041 648 4113 Quos
662 4040 777 4100 Dareus
793 4044 877 4100 multo
891 4050 1048 4118 proruero!
1061 4044 1150 4099 cinere
1165 4040 1309 4119 (secundus
1328 4038 1407 4110 Quos

249 4126 334 4183 multo
358 4124 472 4182 Dareus
492 4124 623 4183 obruerat
642 4125 732 4182 cahere
755 4123 780 4183 C
805 4143 871 4182 cum
898 4122 1090 4198 Askeuiano).
1140 4122 1203 4181 Etsi
1225 4122 1303 4180 enim
1331 4121 1406 4180 nihil

249 4206 359 4265 habent
379 4206 446 4265 fidei
467 4206 646 4282 suppositicii
668 4223 770 4264 uersus
792 4206 890 4283 quales
912 4224 973 4264 non
996 4206 1080 4280 pauci
1101 4205 1132 4262 in
1153 4203 1197 4262 his
1219 4202 1336 4262 scholiis
1358 4221 1405 4262 re-

206 4289 210 4295 ’
249 4289 406 4364 periuntur,
421 4289 515 4365 potuit
532 4298 631 4348 tamen
653 4287 771 4345 historia
792 4287 865 4345 tradi
883 4306 920 4345 ex
935 4285 1105 4345 Callimachi
1119 4285 1202 4343 Ibide
1221 4284 1405 4362 prouenisse.

251 4367 336 4428 Certe
350 4370 381 4426 in
396 4369 452 4428 hoc
463 4388 524 4429 uno
535 4370 602 4428 loco
615 4368 785 4439 Scholiasta,
797 4387 865 4427 cum
879 4369 909 4426 in
924 4368 1021 4426 multis
1034 4365 1247 4426 CaIIImachum
1261 4364 1405 4440 allegarit,

250 4448 321 4507 illud
341 4451 372 4507 in
393 4469 473 4507 suum
494 4450 561 4508 Ibin
581 4450 726 4508 adnexuit.
769 4449 827 4508 Sed
849 4450 965 4509 alternis
979 4448 1155 4507 hexametris
1169 4459 1198 4505 et
1212 4449 1405 4523 pentametris
