3082 4980
263 400 273 460 l
674 395 1001 458 PROLEGOMENA.

265 555 351 614 uiuos
374 555 560 623 insectantur,
585 554 664 613 uelut
688 554 719 612 in
746 570 859 629 papyro
881 551 1019 612 Leidensi
1043 550 1171 626 queritur
1195 550 1316 610 maritus
1341 550 1427 628 quod

263 636 403 698 defuncta
417 636 544 695 coniunx
559 636 641 694 malis
655 635 753 694 modis
767 634 863 694 adhuc
876 652 909 693 se
922 644 1011 692 uexet
1025 630 1114 711 (Ren.
1129 651 1158 708 p.
1174 631 1254 709 154).

305 718 342 778 vi.
362 717 478 778 Eodem
496 716 591 777 refero
609 716 691 794 quod
709 717 740 774 in
760 716 887 775 historiis
908 715 999 775 Ibidis
1019 715 1126 773 totiens
1146 722 1299 772 narrantur
1319 714 1426 774 incesti

265 817 388 859 amores
431 797 510 858 Nam
523 809 556 858 ut
570 798 655 858 frater
668 814 798 857 sororem
813 797 939 868 duceret,
954 814 1061 872 parens
1075 814 1143 854 cum
1161 795 1258 853 liberis
1275 813 1424 855 concum-

263 883 355 953 beret,
363 891 393 940 et
404 898 482 957 quae
496 880 552 940 alia
565 879 731 938 huiusmodi
746 888 822 948 suut,
832 879 970 938 usitatum
981 876 1140 954 Aegyptiis,
1152 877 1227 934 inter
1241 877 1314 935 alios
1328 878 1424 937 rarius

265 962 327 1022 luit.
369 961 620 1022 Consecrauerant
634 960 777 1021 incestum
791 959 1003 1036 Aegyptiorum
1019 958 1181 1034 flagitiosae
1196 957 1321 1028 fabulae,
1336 977 1424 1034 prae-

266 1044 352 1120 cipue
366 1042 403 1103 de
417 1043 494 1101 Iside
509 1060 608 1101 sorore
623 1061 658 1101 ac
671 1042 798 1118 coniuge
812 1040 943 1100 Osiridis.
986 1039 1046 1099 Sed
1060 1049 1089 1099 et
1102 1039 1175 1100 aliae
1189 1039 1327 1100 historiae
1345 1058 1425 1116 quas

265 1124 296 1182 in
310 1123 393 1184 Ibide
407 1142 442 1183 ac
456 1124 602 1183 Tristibus
617 1123 749 1200 repetiuit
762 1121 887 1182 Ouidius
901 1121 958 1180 huc
972 1121 1069 1181 referri
1083 1130 1225 1199 poterant
1267 1120 1359 1180 Velut
1374 1123 1425 1180 illa

266 1205 304 1264 de
319 1204 445 1282 Telephi
459 1204 542 1264 hasta
559 1205 663 1264 eadem
680 1205 852 1263 uulnerante
865 1203 1010 1263 Achillem
1028 1221 1063 1262 ac
1085 1213 1207 1262 sanante
1229 1202 1353 1261 similem
1376 1205 1423 1262 sui

265 1286 342 1346 inter
354 1286 516 1363 Aegyptios
530 1285 647 1358 habuit;
669 1304 739 1344 nam
758 1286 789 1343 in
807 1285 880 1344 libro
895 1284 1081 1344 Mortuerum
1100 1304 1124 1344 c.
1140 1284 1197 1343 cxii
1211 1284 1326 1343 Anubis
1341 1284 1423 1344 Hori

266 1367 449 1427 uulneratum
464 1368 582 1427 oculum
598 1368 678 1427 fouet
692 1385 781 1444 quem
794 1367 874 1443 prius
888 1366 951 1443 ipse
965 1366 1136 1427 confoderat
1145 1363 1281 1443 (Renouf
1291 1384 1320 1441 p.
1337 1364 1421 1445 114);

265 1468 356 1527 quam
373 1449 500 1509 fabulam
519 1450 600 1509 aliter
618 1450 703 1509 tradit
722 1448 892 1508 Plutarchus
911 1448 948 1508 de
969 1449 1009 1507 Ia.
1031 1458 1060 1507 et
1081 1446 1157 1507 Osir.
1173 1461 1212 1522 55
1233 1447 1359 1521 λέγουσιν
1381 1449 1425 1505 ὅτι

265 1537 313 1588 τοῦ
326 1531 409 1605 Ὥρου
428 1536 473 1589 νῦν
490 1532 536 1604 μὲν
557 1532 676 1602 ἐπάταξε,
697 1535 741 1587 νῦν
761 1531 783 1586 δ’
804 1533 901 1602 ἐξελὼν
921 1531 1038 1587 κατέπιεν
1057 1534 1072 1586 d
1091 1532 1187 1602 Τυφὼν
1206 1531 1251 1585 rdr
1271 1530 1423 1603 ὀφθαλμόν,

266 1624 298 1672 ut
308 1612 366 1671 huc
375 1623 506 1689 spectare
516 1613 642 1688 potuerit
650 1612 778 1671 narratio
787 1611 824 1672 de
833 1610 939 1689 Tydeo
948 1610 1111 1687 Melanippi
1121 1611 1272 1670 cerebrum
1283 1621 1424 1687 sugente,

267 1712 358 1774 quam
370 1694 416 1753 bis
430 1694 461 1751 in
476 1693 560 1753 Ibide
574 1693 694 1752 induxit.

306 1775 353 1834 vii.
374 1774 510 1851 Denique
531 1775 672 1851 supplicia
693 1774 864 1846 Inferorum,
886 1773 982 1851 qualia
1002 1772 1080 1833 Ibidi
1100 1772 1224 1833 Ouidius
1244 1772 1424 1849 inprecatur‚

265 1874 412 1933 nusquam
428 1858 538 1916 maiore
555 1864 696 1932 apparatu
716 1874 772 1915 nec
793 1856 925 1931 longiore
946 1855 1019 1914 serie
1039 1855 1257 1932 explicabantur
1277 1872 1370 1930 quam
1392 1856 1425 1913 in

265 1934 480 2015 Aegyptiorum
513 1937 676 2014 sculpturis.
728 1938 814 1998 Talia
842 1936 1012 2002 Thebarum
1043 1937 1181 1994 exhibent
1213 1937 1428 1996 subterraneae

263 2038 409 2080 cauernae
424 2016 576 2097 (syringas
589 2016 756 2097 uocabant),
770 2019 926 2095 praecipue
938 2036 1011 2076 uero
1026 2019 1191 2095 sepulcrum
1207 2017 1287 2076 Sethi
1301 2015 1346 2076 1.*
1382 2017 1426 2076 Et

267 2101 484 2162 confluentibus
508 2100 539 2159 iu
559 2099 688 2160 Romam
709 2101 739 2160 in
762 2101 824 2160 dies
845 2110 890 2160 tot
910 2100 1035 2176 populis,
1059 2101 1123 2177 quis
1143 2100 1262 2158 miretur
1282 2099 1367 2168 haec,
1390 2111 1426 2158 ut

266 2192 363 2242 cetera
377 2180 513 2251 Orientis,
529 2182 559 2240 in
580 2183 713 2242 notitiam
733 2183 901 2259 peruenisse
923 2181 1145 2262 Romanorum?
1187 2180 1321 2257 Caligula
1343 2191 1426 2241 certe

266 2264 429 2339 imperante
438 2262 599 2338 parabatur
613 2266 681 2322 etin
695 2271 794 2323 noctem
808 2265 998 2339 spectaculum,
1012 2281 1064 2338 quo
1077 2267 1242 2339 argumento
1255 2261 1427 2341 Iry'erorunr

263 2354 317 2421 per
328 2344 480 2420 Aegyptios
500 2351 527 2403 rt
543 2344 693 2421 Aethiopas
713 2347 925 2421 explicarentur
944 2343 1036 2422 (Suet.
1048 2342 1145 2422 Calig.
1162 2342 1231 2422 57);
1256 2344 1337 2402 unde
1360 2362 1426 2403 non

267 2425 330 2484 sine
354 2441 446 2487 causa
466 2425 606 2486 Renanus
630 2426 739 2503 colligit
763 2426 929 2486 huiusmodi
951 2426 1117 2502 spectacula
1140 2426 1229 2486 moris
1253 2443 1289 2485 ac
1311 2426 1427 2487 saeculi

266 2506 363 2567 luisse.

798 2718 890 2792 VII.

311 2916 474 2977 Ouidianae
488 2917 578 2976 Ibidis
592 2919 670 2994 apud
685 2929 797 2978 ueteres
811 2919 956 2979 rarissima
969 2919 1088 2978 mentio.
1113 2917 1197 2978 Duos
1211 2927 1324 2977 tantum
1338 2918 1427 2980 locos

267 3017 306 3058 ex
328 3017 365 3058 ea
386 3000 455 3059 citat
476 2998 632 3076 Eutyches,
651 3017 698 3058 uu.
717 3019 762 3070 11,
783 3019 817 3059 12
837 3003 868 3060 in
886 3003 957 3060 Arte
970 3001 998 3058 ii.
1020 3015 1034 3075 7
1057 3000 1107 3059 ubi
1129 2999 1166 3060 de
1186 3000 1277 3058 uerbo
1299 3001 1428 3077 relegare

268 3081 393 3156 loquens
411 3080 504 3141 allatis
524 3080 653 3157 Vergilio
673 3090 702 3139 et
720 3081 843 3141 Lucano
861 3082 934 3142 haec
953 3082 1032 3140 addit
1049 3101 1077 3158 p.
1094 3094 1153 3155 475
1169 3080 1237 3139 Keil
1253 3079 1377 3140 Ourdm
1395 3087 1427 3141 in

267 3161 347 3222 Ibide
354 3165 539 3239 particapium
548 3164 638 3238 ponit.
666 3161 722 3220 Ille
731 3165 881 3239 relegatum
891 3165 1003 3241 gelidos
1012 3162 1165 3238 Aquilonis
1174 3165 1214 3221 ad
1224 3181 1290 3221 oras
1303 3161 1427 3241 (gelidos

267 3252 389 3304 -ονίιιι
399 3243 487 3304 codd.
498 3242 610 3322 Ouidii)
621 3243 690 3304 Non
701 3247 772 3303 senil
783 3247 871 3304 exilio
885 3247 1023 3304 delebue'sse
1033 3264 1081 3302 seeo
1092 3242 1159 3324 (rneo
1169 3243 1255 3303 codd.
1267 3242 1383 3323 Ouidii)
1395 3257 1426 3305 et

268 3345 296 3386 u
309 3324 367 3401 503
377 3328 408 3385 in
418 3327 479 3384 Art.
494 3326 522 3385 ii.
535 3339 571 3398 15
580 3328 630 3385 leto
642 3328 718 3385 letas.
753 3325 875 3385 Ouidius
884 3329 916 3385 in
926 3326 1005 3386 Ibide
1019 3325 1125 3402 Quique
1133 3325 1315 3401 Lycurgiden
1325 3327 1429 3385 letauit

268 3408 514 3467 etarborenaturn.
546 3407 649 3483 Itaque
657 3408 807 3484 legebatur
817 3408 878 3467 Ibis
889 3408 1007 3468 saeculo
1016 3417 1082 3483 post
1090 3406 1159 3466 Chr.
1169 3417 1259 3477 sext0,
1269 3406 1293 3466 si
1302 3408 1426 3482 quidem

265 3488 417 3565 vEutyches
432 3488 570 3547 Prisciani
584 3489 740 3565 discipulus
754 3490 814 3562 fuit,
830 3490 860 3548 id
874 3489 955 3567 quod
967 3491 1030 3565 ipse
1043 3498 1163 3549 testattu
1176 3488 1236 3547 Art.
1247 3488 1265 3546 i.
1277 3490 1306 3546 8.
1320 3507 1352 3565 p.
1362 3492 1425 3565 456

271 3569 348 3640 Keil,
362 3579 392 3630 et
406 3567 505 3628 Ouidii
518 3588 594 3645 opus
607 3570 774 3631 habebatur.
818 3571 877 3631 Sed
891 3589 953 3631 non
966 3571 1072 3631 desunt
1085 3588 1161 3648 quae
1179 3569 1341 3628 innotuisse
1356 3591 1426 3630 eam

269 3650 435 3726 significent
447 3651 489 3710 eis
503 3651 553 3728 qui
566 3669 584 3709 a
597 3662 702 3727 poetae
717 3652 834 3712 saeculo
848 3670 910 3712 non
922 3653 1010 3729 longe
1025 3653 1151 3712 aberant.
1172 3649 1268 3719 =Velut
1283 3650 1426 3728 Hyginus

270 3751 308 3791 ex
323 3731 413 3791 Ibidis
426 3751 455 3792 u.
472 3750 530 3807 304
550 3733 664 3792 uidetur
682 3734 840 3810 sumpsisse
859 3735 914 3794 ista
928 3733 998 3792 Fab.
1016 3752 1073 3808 1²3
1091 3732 1182 3793 Cuius
1200 3751 1261 3792 ossa
1276 3741 1333 3806 per
1346 3734 1427 3806 fines

270 3812 440 3872 Ambraciae
452 3825 553 3890 sparsa
573 3821 646 3885 sunt,
660 3823 782 3890 quaeest
796 3817 826 3874 in
839 3815 932 3892 Epiri
941 3815 1107 3892 regionibus,
1121 3813 1200 3873 unde
1219 3814 1308 3884 uerba
1322 3813 1428 3875 Ouidii

269 3896 310 3955 ad
327 3894 557 3970 Neoptolemum
575 3895 727 3957 referenda
743 3916 807 3956 esse
827 3907 948 3957 constat
992 3895 1105 3956 Rursus
1121 3895 1193 3954 Fab.
1213 3908 1268 3968 247
1289 3913 1369 3971 quae
1388 3897 1427 3956 de

271 3976 384 4037 Thasio
404 3978 525 4037 canibus
539 3978 690 4038 interfecto
710 3980 793 4038 tradit
808 3978 944 4055 Hyginus
965 3997 1002 4037 ex
1016 3978 1061 4037 lb.
1078 3983 1136 4054 478
1156 3976 1280 4035 mutuari
1299 3987 1427 4052 poterat

269 4059 331 4120 Sed
345 4059 375 4117 in
393 4059 561 4119 uniuersum
580 4069 660 4119 tanta
673 4061 748 4120 inter
760 4059 915 4137 Hyginum
929 4069 958 4119 et
972 4060 1039 4118 Ibin
1057 4078 1091 4118 ac
1107 4056 1366 4132 Metamorphoses
1381 4061 1428 4118 in-

270 4141 392 4201 tercedit
405 4141 551 4216 cognatio,
562 4152 672 4218 quanta
686 4142 758 4202 inter
771 4143 883 4202 amicos
892 4141 986 4200 futura
1000 4151 1073 4214 erat;
1094 4140 1429 4219 namsamdroreirirnur

269 4223 317 4282 bie
331 4225 404 4302 suit
425 4222 528 4282 Ouidio
547 4230 638 4298 poetae
662 4221 752 4302 (Suet.
777 4223 908 4283 Gramm.
935 4222 997 4300 ao),
1019 4233 1049 4282 et
1071 4222 1191 4282 easdem
1213 4239 1259 4280 res
1281 4225 1427 4283 tractauit

164 4372 166 4377 ,
271 4304 359 4367 Vnde
383 4305 414 4363 in
437 4303 667 4377 Commentario,
690 4305 825 4384 quotiens
848 4305 936 4378 licuit,
962 4302 1061 4365 Ouidii
1076 4304 1165 4364 uerba
1188 4320 1225 4361 ex
1247 4301 1430 4379 Hyginianis

656 4471 670 4505 *
686 4469 768 4519 Renan
780 4468 938 4520 L’Antechrirt
949 4486 972 4532 p.
983 4479 1038 4533 170.
