3038 4988
573 381 797 443 EXCVRSVS.
1204 386 1260 440 185

140 541 188 594 An
210 549 253 594 est
276 541 394 594 Broteas
417 540 556 594 Hercules
578 539 727 594 Bruttius?
769 542 845 594 Nam
871 539 1009 594 Hercules
1034 539 1062 593 in
1088 539 1260 594 Bruttiorum

106 627 194 665 numo
210 611 316 665 fulmen
329 620 429 665 tenens
446 610 588 664 inuenitur
602 612 707 680 (Cuper
721 613 859 680 Harpocr.
872 627 900 679 p.
910 610 970 679 65):
990 627 1082 680 neque
1095 611 1260 664 incredibile

106 693 150 737 est
163 692 192 736 et
203 681 271 735 huic
283 692 429 750 tamquam
442 681 567 736 tonitrali
581 682 636 735 deo
650 682 753 750 (Gloss
770 681 957 735 Laudunense
974 698 1000 750 p.
1015 694 1050 747 70
1064 681 1092 734 in
1108 683 1222 736 Notices
1234 687 1262 734 et

106 754 243 809 Ettraits
255 753 321 806 anni
337 754 413 820 1880,
427 754 550 820 Βροτοῖος
561 752 717 820 ίσιιίίναίιζς)
732 754 852 806 Broteae
865 769 969 806 nomen
986 752 1150 807 adhaesisse
1162 772 1169 818 ;
1188 752 1260 806 sicut

108 822 282 878 Bruttiorum
300 840 405 877 nomen
425 823 461 877 ab
477 823 578 876 eadem
596 822 683 892 stirpe
701 822 765 876 duci
780 823 879 876 credas
892 839 926 876 ex
940 822 1130 890 Hesychianis
1145 823 1260 892 Βρέντιοι

107 892 181 948 ἔθνος
193 894 220 947 ἐν
231 891 336 962 Ἰταλίᾳ.
375 890 488 962 Βρεντοί·
509 890 626 964 Βρονταί.
665 893 723 947 Sed
738 903 765 948 et
781 892 945 962 simpliciter
959 893 1097 947 Hercules
1111 893 1151 947 sic
1164 893 1259 948 uocari

107 964 219 1034 potuit3
238 981 302 1018 cum
317 966 374 1018 hoc
391 963 506 1018 nomine
523 962 585 1017 aliis
603 963 647 1017 dis
661 963 875 1032 adsimilaretur,
889 963 936 1033 qui
953 963 1029 1032 rogis
1042 964 1211 1034 consumpti,
1227 983 1260 1018 ex

107 1035 274 1089 mortalibus
291 1034 473 1102 immortaleS,
487 1051 566 1089 arces
582 1034 735 1103 attigerunt
753 1034 859 1102 igneas.
896 1035 971 1088 Audi
985 1034 1164 1089 Welckerum
1179 1035 1260 1089 Grie·

108 1105 214 1159 chisch.
230 1107 347 1160 Gotterl.
362 1105 388 1160 ii.
403 1123 429 1174 p.
445 1118 505 1174 797.
536 1105 576 1159 So
595 1105 631 1159 ist
651 1105 701 1159 der
717 1106 1011 1174 Selbstverbre-nnung
1030 1106 1080 1159 des
1099 1106 1262 1174 Assyrisch·

110 1176 270 1244 Lydischen
283 1177 341 1230 und
356 1175 531 1229 Kilikischen
546 1176 663 1230 Sandon
676 1175 705 1229 in
719 1176 784 1230 dem
798 1175 970 1230 Oetaischen
984 1177 1200 1231 Flammentode
1210 1177 1261 1231 ries

109 1246 250 1301 Herakles
269 1248 448 1316 nachgeamt,
468 1246 564 1300 indem
584 1247 634 1300 der
653 1245 733 1300 Geist
756 1246 905 1300 desselben
928 1265 959 1301 zu
981 1247 1036 1300 den
1057 1247 1261 1317 Olympischen

109 1319 228 1371 thtem
248 1318 392 1387 iibergeht,
412 1317 546 1371 wahrend
565 1317 615 1371 der
635 1316 704 1371 Leib
721 1317 750 1370 in
766 1318 862 1371 Asche
880 1317 992 1371 zersallt.
1032 1320 1064 1371 In
1083 1318 1133 1372 der
1146 1318 1262 1373 Trachi·

107 1387 255 1442 nierinnen
268 1389 317 1442 hat
331 1388 424 1442 dieser
436 1389 595 1442 entlehnter
606 1388 723 1456 Mythus
736 1387 860 1441 deutlich
873 1405 967 1456 genug
979 1386 1057 1442 nicht
1071 1389 1126 1442 den
1141 1390 1261 1443 Phbnix-

109 1459 217 1527 artigen
244 1460 398 1512 character
423 1459 473 1512 der
494 1459 700 1527 Verbrennung
724 1458 802 1512 einer
826 1457 1011 1527 Zeitperiode.
1059 1461 1180 1514 Miinzen
1206 1477 1261 1514 von

108 1531 214 1583 Tarsos
232 1529 382 1598 hingegen,
401 1546 444 1582 wo
462 1545 528 1583 man
545 1529 667 1598 jahrlich
686 1528 732 1583 die
751 1529 941 1597 symbolische
961 1529 1129 1584 Caremonie
1148 1531 1261 1584 wieder-

108 1600 194 1723 {olga
224 1601 370 1655 enthalten
401 1600 457 1653 den
486 1600 674 1668 Assyrischen
709 1602 806 1669 Rogus
839 1600 914 1654 nach
947 1599 1040 1654 seiner
1071 1601 1261 1656 Kosmischen

135 1687 150 1724 e
172 1679 257 1724 eutun
280 1711 287 1724 .

145 1743 183 1794 Et
197 1686 384 1811 adstigpulatur
398 1739 494 1794 Liuius
507 1739 596 1795 xxxvi.
610 1755 646 1809 30
657 1741 722 1811 Ipse
736 1741 833 1796 Oetam
850 1740 975 1794 ascendit
984 1740 1159 1811 Herculique
1174 1743 1261 1796 sacei-

100 1813 203 1882 fiez'um
213 1813 287 1883 serit
301 1813 332 1865 in
351 1828 381 1865 eo
393 1813 451 1865 loco
462 1828 544 1881 quem
558 1812 684 1880 Pyram,
697 1813 775 1881 qued
789 1813 831 1866 ibi
846 1812 965 1865 mortale
982 1816 1085 1882 corpus
1095 1813 1156 1866 eius
1166 1813 1215 1866 dei
1223 1814 1263 1866 sit

108 1888 271 1950 crematum,
284 1883 436 1952 appellant.

144 1953 191 2007 Ad
204 1957 273 2022 525,
286 1958 315 2006 6.
335 1954 429 2022 Quam
442 1951 563 2007 difficilis
576 1952 716 2022 explicatu
732 1951 779 2007 hic
791 1953 869 2006 locus
882 1950 918 2007 sit
932 1951 1035 2006 docent
1050 1968 1107 2006 non
1124 1952 1262 2008 recentio-

109 2041 171 2077 rum
184 2025 276 2078 solum
286 2023 434 2093 opiniones
447 2023 499 2078 sed
512 2023 727 2077 scholiastarum
741 2040 852 2093 quoque
862 2032 1030 2077 commenta.
1057 2026 1152 2077 Vnum
1165 2034 1260 2078 tamen

109 2104 219 2148 ueteres
239 2095 416 2149 Scholiastae
434 2094 541 2149 habent
563 2111 713 2148 commune
733 2094 809 2164 quod
828 2094 963 2148 dextera
975 2094 1067 2148 laesa
1088 2095 1124 2148 de
1143 2104 1261 2164 accepto

108 2166 224 2219 uulnere
244 2164 469 2234 interpretantur.
508 2166 619 2218 Horum
636 2164 759 2234 optimus
774 2166 800 2218 G
817 2166 888 2219 haec
905 2162 972 2237 dicit
991 2164 1119 2235 Orpheus
1137 2170 1264 2236 repertor

107 2236 207 2289 illiciti
222 2239 329 2290 ament
340 2253 358 2288 a
373 2236 561 2289 sacerdotibus
571 2236 679 2289 Bacchi
694 2235 836 2288 dexteram
855 2237 958 2288 emisit.
1001 2237 1081 2290 Tunc
1096 2236 1146 2290 ille
1164 2237 1263 2290 uidens

108 2323 138 2358 se
153 2323 209 2360 nen
222 2311 305 2376 posse
315 2305 487 2360 cz'thaneare
498 2307 589 2360 irruit
604 2308 635 2359 in
650 2323 697 2360 ees
712 2306 789 2360 nihil
798 2323 903 2360 curans
913 2307 947 2359 de
959 2307 1022 2360 uita
1034 2313 1062 2361 et
1073 2313 1202 2361 mortuus
1213 2314 1262 2361 est.

110 2377 191 2445 Quae
203 2388 234 2431 ut
247 2394 303 2431 non
317 2388 436 2446 possunt
448 2394 512 2431 esse
524 2393 600 2445 uera,
614 2376 653 2430 ita
665 2385 759 2446 potest
772 2377 841 2430 illud
854 2377 971 2431 subesse
980 2377 1048 2446 ueri,
1059 2378 1135 2448 quod
1147 2380 1262 2432 dextera

109 2447 187 2501 laesa
200 2447 261 2502 eius
275 2448 396 2503 creditur
410 2447 456 2518 qui
474 2449 567 2517 lyram
585 2464 711 2500 seueram
730 2456 910 2502 tractauerat.
948 2450 1010 2502 Nec
1030 2465 1098 2503 sane
1117 2449 1218 2503 mirum
1238 2449 1261 2502 si

109 2518 257 2573 citharista
273 2520 318 2573 uel
337 2517 442 2587 lyricen
461 2518 557 2573 fractis
575 2518 688 2572 chordis
706 2518 807 2572 uulnus
824 2536 910 2572 manu
928 2518 1047 2589 accepit.
1086 2520 1185 2589 Itaque
1204 2536 1261 2572 non

110 2589 146 2642 de
162 2594 249 2658 poe'ta
267 2589 379 2657 rectius,
399 2605 484 2659 quam
504 2589 539 2642 de
559 2587 680 2658 fidicine,
699 2606 797 2643 uersus
819 2589 952 2658 explices.
990 2591 1170 2659 Quamquam
1192 2590 1261 2644 satis
1317 2597 1322 2602 “

110 2661 300 2714 cohaerebunt
322 2677 428 2727 uersus,
448 2659 471 2713 si
494 2659 596 2713 fidicen
616 2659 670 2727 ille,
690 2659 816 2730 quisquis
835 2660 895 2728 fuit,
915 2660 982 2714 dum
1002 2661 1160 2730 segniorem
1179 2660 1263 2715 disci-

109 2731 206 2853 pulum
226 2730 456 2799 instituit‚·iratus
475 2747 541 2784 eum
559 2731 723 2785 uulnerasse
739 2741 767 2785 et
786 2731 823 2784 ob
840 2732 895 2784 hoc
914 2731 975 2800 ipse
994 2730 1157 2786 interfectus
1176 2731 1262 2786 fuisse

130 2811 238 2869 ngetur.

147 2873 225 2926 Inter
245 2871 404 2927 citharistas
426 2888 511 2926 nemo
534 2870 605 2926 Lino
626 2870 728 2927 notior.
765 2871 839 2926 Vide
857 2888 930 2941 quae
952 2871 1094 2941 congessit
1115 2871 1262 2927 Clintonus

111 2943 143 2997 F.
164 2943 201 2996 H.
222 2942 239 2998 i.
261 2960 307 3012 pp.
328 2958 388 3011 341,
408 2959 432 3012 2,
452 2942 618 2998 Welckerus
639 2945 683 2997 Kl.
703 2942 815 2997 Schrift.
836 2943 852 2995 i.
872 2959 918 3011 pp.
936 2943 1013 3010 8-55.
1052 2944 1138 2996 Hunc
1157 2943 1261 3013 duplici

109 3013 196 3066 modo
214 3013 414 3082 interemptum
432 3013 566 3068 tradunt:
589 3014 645 3081 alii,
661 3014 698 3067 ab
713 3012 853 3083 Apolline,
869 3013 946 3082 quod
963 3013 1070 3081 primus
1085 3013 1194 3067 omisso
1213 3013 1261 3067 lini

110 3100 162 3137 usu
181 3101 215 3138 ex
234 3083 327 3139 neruis
343 3084 464 3138 chordas
483 3084 580 3138 fecerit
595 3084 736 3152 (Eustath.
756 3084 830 3150 1163,
844 3083 936 3136 Schol.
954 3084 985 3137 ll.
999 3083 1072 3137 xviii.
1089 3084 1150 3153 570)
1165 3083 1211 3138 alii
1225 3085 1262 3138 'ab

112 3154 244 3224 Hercule,
258 3171 322 3208 cum
341 3171 359 3208 a
379 3155 450 3208 Lino
468 3155 633 3209 uerberatus
653 3155 729 3225 quod
747 3171 847 3224 parum
867 3154 964 3207 sollers
983 3152 1012 3206 in
1028 3153 1164 3208 discendo
1178 3165 1261 3224 esset,

110 3225 277 3295 magistrum
295 3242 377 3279 suum
396 3226 503 3295 plectro
522 3227 567 3279 uel
586 3227 646 3294 lyra
665 3225 794 3279 enecauit
815 3224 887 3293 (Ael.
905 3225 938 3277 V.
958 3225 995 3278 H.
1011 3223 1047 3277 iii.
1063 3239 1105 3292 32,
1125 3227 1208 3279 Paus.
1227 3226 1260 3279 ix.

111 3309 152 3364 29.
163 3310 191 3364 9,
212 3295 298 3350 Diod.
314 3295 350 3349 iii.
365 3296 408 3363 67,
426 3296 558 3365 Apollod.
571 3295 597 3350 ii.
612 3310 637 3362 4.
651 3295 686 3365 9).
726 3295 853 3364 Scriptor
870 3311 1003 3348 uersuum
1022 3294 1082 3348 siue
1100 3296 1262 3364 Apollinem

110 3366 171 3419 siue
191 3367 344 3420 Herculem
363 3366 494 3436 respexit,
512 3383 570 3420 non
590 3366 685 3436 inepte
704 3366 800 3420 omnia
819 3364 1011 3435 expedientur.
1049 3365 1087 3434 (1)
1108 3368 1146 3421 Vt
1166 3366 1262 3435 Linus,

110 3445 205 3490 uates
223 3437 315 3505 lyrae
335 3453 483 3504 seuerae,
496 3438 522 3491 h.
534 3455 557 3491 e.
569 3436 723 3507 repertor*
735 3436 884 3491 seuerioris
896 3435 1030 3504 musicae,
1044 3453 1108 3490 cum
1121 3454 1155 3490 ex
1168 3437 1262 3491 neruis

110 3507 231 3561 chordas
250 3506 357 3576 primus
376 3507 536 3575 intenderit,
555 3517 583 3562 et
601 3507 767 3562 naeniarum
787 3507 847 3561 siue
866 3508 1043 3561 Threnorum
1065 3517 1162 3561 auctor
1180 3508 1262 3563 suerit

111 3576 194 3645 (Plut.
210 3580 284 3631 Mus.
299 3577 349 3646 iii),
362 3578 399 3631 ob
413 3579 487 3631 hanc
503 3595 563 3631 rem
581 3578 617 3632 ab
633 3578 765 3648 Apolline
782 3587 945 3648 peremptus
959 3577 1072 3647 dicitur,
1082 3579 1159 3633 laesa
1176 3597 1262 3634 manu

110 3663 161 3716 per
179 3647 359 3702 intentiorem
378 3659 406 3703 et
424 3647 578 3703 acutiorem
597 3649 767 3703 chordarum
788 3650 918 3718 formam,
937 3649 997 3704 siue
1017 3649 1093 3719 quod
1115 3650 1141 3705 ei
1160 3652 1263 3721 Apollo

110 3727 256 3787 tamquam
275 3719 387 3773 aemulo
405 3718 544 3787 inuidens‚
564 3735 680 3773 manum
699 3737 755 3790 qua
773 3720 924 3789 praecipue
938 3720 980 3774 ad
998 3722 1176 3790 psallendum
1195 3739 1263 3777 usus

110 3798 171 3842 erat
189 3789 347 3843 uulnerauit
364 3806 401 3842 ne
420 3789 540 3859 amplius
559 3799 649 3844 artem
668 3800 832 3860 ostentaret,
851 3792 982 3845 Eustath.
998 3791 1118 3863 ἄγροικος
1136 3794 1263 3847 νεονίοςὸ

110 3861 186 3915 Λίνος
203 3860 270 3926 ὧδῆς
290 3881 358 3915 τινος
377 3861 488 3929 εὑρετίης,
507 3861 632 3929 Οὐρανίας
652 3863 714 3916 υίός·
741 3860 770 3915 ὃν
788 3862 888 3915 ἀνεῖλεν
905 3859 1043 3916 Ἀπόλλων
1063 3863 1119 3916 ἐπεὶ
1141 3864 1170 3916 τὸ
1191 3864 1264 3917 λίνον

110 3928 258 3985 καταλύσας
269 3930 377 3999 χορδαῖς
389 3930 509 3983 ἐνέτεινεν
520 3930 638 4001 ὄργανον.
664 3931 702 4001 (2)
715 3934 754 3987 Vt
769 3932 864 4000 Linus,
874 3931 999 3986 seuerior
1008 3932 1143 4001 magister
1156 3933 1262 4001 fidium,

111 4000 179 4054 dum
193 4001 310 4055 Herculi
328 4000 466 4071 discipulo
483 4001 569 4057 iratus
587 4002 723 4072 dextram,
737 4020 793 4073 qua
810 4001 956 4071 inperitius
973 4003 1121 4071 psallebat,
1134 4003 1262 4073 percutit,

143 4239 158 4272 *
176 4235 250 4284 Schol.
262 4235 289 4283 ll.
301 4237 365 4286 xviii.
379 4243 427 4298 570
443 4234 507 4284 Φασὶ
524 4234 550 4284 δὲ
567 4234 644 4285 αὑτὸν
656 4235 683 4286 ὶν
696 4235 788 4297 Θήβαις
803 4226 909 4300 ταφῆναι
922 4233 964 4284 καῖ
978 4235 1108 4297 τιμηθῆναι
1119 4233 1263 4299 θρηνηίδεσιν

109 4299 189 4364 ᾠδαῖς,
206 4299 235 4350 ἃς
254 4299 365 4349 λινινδίας
384 4300 513 4351 ἐκάλεσαν.
539 4300 592 4351 ἔστι
613 4301 638 4351 δὲ
656 4301 731 4361 με’λας
749 4302 893 4367 θρηνητικὸν
912 4303 926 4350 ὁ
944 4298 1012 4350 λίνος
1030 4299 1083 4360 μετ’
1094 4300 1264 4365 -ῖσχνοφωνίας

110 4365 244 4430 diducens.
258 4402 263 4414 .
277 4402 283 4415 .
296 4403 301 4414 .
312 4365 436 4430 ἐθρηνεῖτο
447 4365 496 4431 γὰρ
512 4365 582 4416 οὗτος
597 4367 661 4432 παρὰ
676 4368 726 4416 τῶν
737 4369 841 4417 Μουσῶν
852 4367 933 4416 οὕτως.
965 4365 996 4414 Ὠ
1008 4366 1065 4415 Λίνε
1078 4366 1159 4430 (πᾶσι)
1171 4369 1263 4416 θεοῖσιν

110 4430 226 4491 Τετιμένε
242 4430 282 4480 σοὶ
298 4430 345 4495 γὰρ
357 4430 449 4481 ἔδωκαν
461 4432 553 4496 Πρώτῳ
564 4431 638 4494 μέλος
649 4434 809 4499 ἀνθρώποισιν
829 4434 921 4482 Φωναῖς
937 4434 1049 4497 λιγυραῖς
1064 4433 1152 4481 ἀεῖσαι·
1176 4434 1264 4488 Φοῖβος

112 4498 137 4547 δὲ
150 4497 214 4560 ιιθτῳ
225 4497 249 4545 α’
261 4497 357 4561 ἀναιρεῖ
366 4499 459 4546 Μοῦσαι
472 4497 498 4548 δέ
510 4515 539 4548 σε
551 4498 690 4563 θρηνέουσιν
702 4502 748 4564 (sic
760 4501 871 4565 Bergkius
884 4502 908 4548 P.
919 4502 945 4549 L.
957 4515 980 4562 p.
991 4501 1076 4565 1297).
