3038 4988
254 416 311 472 132
657 410 1008 473 COMMENTARIVS.

252 569 365 628 abiecit.
401 570 475 639 App.
490 570 560 623 Pun.
573 568 607 637 63
620 565 783 639 Ἀχερῤάνων
799 567 828 622 δέ
843 568 889 636 τὴν
907 567 1007 636 βουλὴν
1024 566 1052 621 ἐν
1070 566 1195 623 σπονδαῖς
1213 564 1239 620 ἐς
1257 565 1290 618 τά
1308 564 1411 634 φρέατα

252 640 428 709 ἐνέβαλον(οί
441 639 621 710 Καρχηδόνιοι)
635 640 719 693 καὶτὰ
732 638 833 706 φρέατα
845 639 977 709 ἐνέχωσαν
990 638 1099 705 (Const.
1114 636 1258 704 Fanensi.
1341 638 1409 690 390.

252 717 336 768 laeto
358 711 461 766 iniecto
482 715 614 776 puluere
633 709 662 764 in
683 709 835 764 ludibrium
855 720 1037 777 mortuorum,
1060 710 1136 779 quod
1158 718 1218 762 erat
1241 706 1411 761 insolentiae

254 782 387 851 Punicae,
396 781 443 851 qui
451 781 579 849 captiuos
588 782 615 835 ἐς
621 781 738 850 τάφρους
746 781 786 834 καί
793 780 924 848 ποταμοὺς
931 781 1088 848 ἐμβαλόντες
1096 781 1130 835 ὣς
1137 777 1265 850 γεφύραις
1272 779 1412 840 ἐπέβαινον

253 856 327 924 App.
343 855 412 907 Pun.
426 852 460 919 63
475 851 567 919 (Laur.
580 851 765 918 Abstemius).
802 851 922 905 Videtur
938 850 1095 919 respexisse
1107 852 1162 904 hoc
1175 848 1286 903 facinus
1301 850 1412 903 Seneca

254 925 292 979 de
304 927 350 978 Ira
357 923 386 976 ii.
397 923 610 991 5Hannibalem
619 923 816 976 aiuntdirn‘sse
824 922 999 992 cumsossam
1008 923 1148 991 sanguine
1158 920 1285 973 humano
1293 920 1413 989 plenam

254 996 379 1062 uidisset,
395 994 585 1063 Osormosum
597 994 793 1064 spectaculum.
872 995 939 1046 391.
959 997 1019 1046 Sex
1031 996 1081 1047 bie
1093 995 1231 1045 famulae
1246 992 1287 1044 M.
1301 990 1337 1044 iv.
1353 1005 1411 1042 220.

256 1066 312 1120 Od.
323 1064 385 1117 xxii.
397 1078 450 1130 424
461 1065 535 1116 Τάων
545 1063 672 1131 (δμωάων)
684 1064 798 1116 δώδεκα
809 1065 892 1118 πᾶσαι
904 1062 1030 1130 ἀναιδείης
1042 1061 1183 1129 ἐπέβησαν.
1213 1063 1313 1116 Potest
1326 1060 1414 1114 etiam

256 1136 294 1190 ad
308 1138 398 1200 proci
412 1133 507 1188 referri
524 1151 580 1188 sex
595 1136 655 1199 bis,
668 1133 691 1187 si
709 1151 758 1188 eos
776 1133 916 1202 intelligas
934 1133 981 1203 qui
998 1144 1078 1187 erant
1091 1131 1138 1199 Ἐξ
1150 1133 1228 1198 αὐτῆς
1239 1131 1342 1196 Ἰθάκης
1356 1131 1414 1183 δυο-

256 1205 360 1260 καίδεκα
374 1205 467 1259 πάντες
483 1204 594 1274 ἄριστοι,
607 1222 779 1274 quamquam
794 1214 870 1258 totus
886 1221 1019 1258 numerus
1037 1214 1151 1259 centum
1168 1213 1197 1258 et
1210 1214 1276 1257 octo
1290 1202 1345 1256 fuit
1360 1201 1413 1256 Od.

256 1276 310 1330 xvi.
325 1287 454 1343 247-251.
526 1278 690 1330 Icaridos·
714 1276 856 1344 Penelope
874 1274 931 1329 filia
952 1274 1042 1329 Icarii.
1150 1277 1220 1328 392.
1243 1276 1299 1338 qui
1317 1276 1415 1326 dabat

256 1363 346 1402 arma
368 1345 542 1400 Melanthius
563 1346 617 1400 Od.
636 1346 699 1400 xxii.
722 1360 770 1414 143
787 1343 883 1398 Ἐνθεν
901 1345 998 1399 δώδεκα
1022 1345 1069 1415 μέν
1087 1342 1158 1399 σάκε’
1176 1345 1259 1413 ἐξελε,
1277 1347 1367 1398 τόσσα
1387 1343 1415 1395 δὲ

257 1419 338 1488 δοῦρα
357 1418 406 1469 Καὶ
426 1419 527 1471 τόσσας
548 1417 636 1471 κυνέας
656 1416 801 1488 χαλκήρεος
824 1416 1001 1470 ἱπποδασείας.
1024 1418 1059 1482 Βῆ
1079 1415 1102 1468 δ’
1118 1413 1211 1484 ίμεναι,
1229 1417 1301 1480 μάλα
1321 1412 1344 1467 δ’
1364 1413 1417 1466 ὦκα

258 1489 347 1558 φέρων
359 1489 521 1556 μνηστῆρσιν
532 1487 631 1541 ἔδωκεν.
739 1490 807 1541 393.
825 1491 907 1541 iacet
923 1497 953 1540 ut
968 1487 1050 1540 habet
1061 1501 1122 1553 344.
1157 1489 1262 1540 Aonio
1275 1485 1415 1540 Boeotio:

257 1576 327 1614 nam
339 1559 476 1612 Hercules
489 1558 651 1612 Thebanus.
689 1558 851 1612 SicAoniis
864 1558 963 1611 Thebis
977 1559 1016 1612 M.
1027 1557 1072 1611 vii.
1084 1558 1135 1624 763
1146 1556 1314 1626 (Samaga).
1353 1561 1418 1610 lue·

258 1636 345 1685 tator
354 1631 488 1682 Antaeus.
525 1632 651 1693 hospite
662 1630 800 1682 Hercules
810 1646 845 1682 ex
854 1628 974 1683 Graecia
982 1627 1010 1681 in
1021 1628 1139 1697 Libyam
1148 1638 1272 1681 uenerat.
1301 1629 1370 1681 Luc.
1382 1626 1416 1680 iv.

259 1701 311 1755 612
325 1700 379 1754 Ille
391 1700 522 1754 Cleonaei
531 1701 653 1769 proiecit
664 1705 745 1769 terga
760 1701 856 1767 leonis,
872 1699 1004 1752 Antaeus
1019 1700 1124 1769 Libyci.
1142 1699 1278 1768 Perfudit
1293 1698 1419 1751 membra

259 1773 370 1841 liquare
384 1772 525 1839 Hospes,
541 1771 720 1850 Olympiacae
731 1776 844 1824 semente
858 1786 934 1824 more
945 1770 1114 1840 palaestrae.
1210 1771 1281 1823 394.
1299 1773 1420 1822 mirum

261 1841 438 1896 interiectum
451 1850 481 1894 ut
496 1842 535 1894 M.
550 1840 594 1894 vri.
607 1853 666 1909 790,
679 1840 714 1894 xi.
728 1853 769 1908 51,
783 1843 816 1895 F.
826 1840 852 1894 ii.
863 1855 924 1907 413.
957 1840 1004 1894 Sic
1017 1841 1168 1910 indignum
1182 1841 1221 1893 M.
1236 1858 1261 1893 v.
1274 1853 1315 1907 37.
1355 1843 1420 1893 uie·

260 1919 322 1977 tor,
337 1928 408 1965 eum
427 1914 597 1979 cecidisset,
615 1928 683 1964 nam
701 1921 778 1966 tacto
797 1913 858 1964 solo
876 1911 962 1964 fiebat
980 1909 1106 1964 ualidior.
1146 1912 1211 1964 Luc.
1231 1909 1266 1963 iv.
1287 1911 1339 1978 598
1358 1911 1422 1964 Hoc

260 1999 370 2054 quoque
390 1987 449 2035 tam
470 1988 568 2036 uastas
586 1982 747 2036 cumulauit
765 1983 861 2035 robore
878 1983 954 2035 uires
976 1983 1065 2035 Terra
1085 1984 1135 2035 sui
1144 1982 1233 2051 setus,
1253 1981 1421 2051 quodcum

260 2056 377 2124 tetz‘gem
385 2056 539 2122 parentem,
552 2053 616 2105 Iam
628 2053 732 2120 defecta
744 2055 779 2107 ui
795 2058 843 2106 ent
854 2058 990 2106 renouato
1002 2053 1097 2106 robore
1111 2053 1242 2106 membra.
1350 2056 1420 2107 395.

263 2139 404 2189 pressere
417 2140 514 2177 secum
525 2124 674 2177 luctantes·
701 2069 831 2193 Apoliod.
845 2123 872 2177 ii.
889 2134 911 2191 5.
928 2139 957 2176 11
971 2122 1064 2191 ταύτης
1076 2122 1196 2191 (Λιβύης)
1208 2123 1350 2187 ἐβασίλευε
1362 2125 1423 2178 ταῖς

263 2195 428 2247 Ποσειδῶνος
439 2191 562 2260 Ἀνταῖος,
576 2192 604 2249 δς
615 2194 675 2248 τοὺς
686 2195 775 2263 ξένους
787 2193 933 2265 ἀναγκάζων
944 2194 1064 2248 παλαίειν
1076 2193 1170 2260 ἀνῄρει.
1240 2197 1312 2247 896.
1331 2197 1422 2247 Lem·

263 2268 320 2320 nie
331 2266 433 2318 turba
471 2264 555 2318 Vnde
568 2264 614 2318 hic
626 2264 816 2319 Lemniades?
853 2266 954 2318 Cetera
967 2264 1043 2317 enim
1057 2264 1129 2318 serie
1146 2281 1239 2319 rerum
1256 2265 1422 2331 cohaerent,

265 2336 338 2389 sicut
361 2334 389 2387 in
408 2335 537 2403 Apollod.
558 2334 585 2389 ii.
607 2347 629 2403 5.
652 2351 692 2403 11,
711 2337 838 2390 Antaeus
858 2334 994 2389 Thrasius
1016 2334 1132 2403 Busiris,
1152 2353 1170 2389 a
1191 2352 1247 2405 quo
1272 2335 1366 2389 facilis
1391 2335 1422 2388 fit

158 2415 161 2419 “
264 2404 401 2460 transitus
419 2405 456 2458 ad
475 2404 649 2459 Diomeden:
672 2407 718 2459 uel
740 2416 770 2460 ut
788 2408 854 2460 Her.
875 2405 909 2459 irc
928 2406 1016 2472 67-74
1035 2404 1242 2475 coniunguntur
1263 2405 1422 2459 Diomedes

267 2475 376 2530 Busiris
389 2476 525 2530 Antaeus.
551 2479 635 2530 ferae
648 2480 743 2531 morti
758 2478 831 2545 Hyg.
850 2488 879 2544 15
892 2477 929 2529 In
945 2477 1043 2530 insula
1054 2477 1161 2529 Lemno
1173 2477 1305 2530 mulieres
1323 2477 1427 2530 Veneri

265 2564 348 2601 sacra
366 2547 475 2615 aliquot
492 2563 581 2600 annos
598 2564 655 2600 non
664 2548 801 2617 fecerant,
815 2549 895 2600 cuius
911 2549 958 2600 ira
974 2549 1037 2600 uiri
1052 2564 1151 2601 earum
1168 2547 1303 2601 Thressas
1321 2563 1424 2600 uxores

267 2619 415 2672 duxerunt
425 2623 454 2671 et
459 2619 572 2687 priores
585 2621 761 2687 spreuerunt.
799 2624 830 2671 at
848 2617 1014 2672 Lemniades
1028 2619 1151 2672 eiusdem
1174 2619 1288 2672 Venem's
1303 2618 1424 2688 inpulsu

266 2690 438 2755 coniuratae,
456 2704 548 2758 genus
572 2689 813 2756 uirorum-omne,
833 2688 969 2757 quodibi
991 2694 1059 2757 erat,
1081 2689 1287 2759 interfecerunt,
1305 2694 1427 2760 praeter

266 2759 454 2828 Hypsipylen,
466 2775 538 2828 quae
544 2762 658 2828 patrem
670 2776 755 2812 suum
768 2759 921 2813 Thoantem
933 2760 1006 2814 clam
1019 2761 1050 2813 in
1062 2776 1165 2813 nauem
1177 2761 1312 2829 inposuit.
1343 2777 1425 2829 quem

267 2833 417 2900 tempestas
426 2831 457 2882 in
467 2830 592 2882 insulam
604 2831 632 2883 T
628 2832 756 2883 aum‘cam
765 2830 875 2884 detulit.
947 2833 1015 2886 397.
1032 2837 1106 2894 post
1114 2833 1244 2896 longum
1257 2840 1323 2900 post
1334 2847 1425 2884 annos

267 2917 380 2956 nouem.
411 2902 444 2954 A.
459 2902 493 2954 A.
506 2900 523 2954 i.
534 2900 586 2965 647
599 2900 718 2955 Dicitur
727 2901 876 2972 Aegyptus
886 2903 1010 2955 caruisse
1021 2902 1188 2954 iuuantibus
1199 2918 1275 2955 arua
1283 2902 1428 2955 Imbribus

268 2977 354 3040 atque
367 2987 458 3024 annos
474 2973 546 3024 sicca
554 2972 648 3039 fuisse
664 2988 771 3026 nouem.
810 2973 834 3025 C
833 2989 881 3024 um
898 2971 1037 3025 Thrasius
1050 2974 1172 3026 Busirin
1187 2973 1257 3040 adit,
1270 2979 1425 3026 monstrat·

268 3060 323 3113 que
335 3044 421 3112 piari
430 3042 563 3111 Hospitis
579 3043 665 3111 effuso
680 3044 820 3112 sanguine
832 3046 914 3112 posse
925 3042 1028 3096 Iouem.
1066 3044 1120 3097 Illi
1129 3044 1252 3110 Busiris,
1266 3045 1334 3097 Fies
1346 3045 1427 3096 Iouis

268 3114 362 3168 hostia
376 3114 498 3183 primus,
513 3114 620 3182 Inquit,
632 3118 660 3167 et
671 3114 800 3183 Aegypto
812 3119 845 3167 tu
857 3114 936 3167 dabis
947 3112 1045 3183 hospes
1056 3131 1168 3184 aquam.
1201 3113 1311 3167 Callim.
1327 3114 1359 3168 fr.
1378 3116 1426 3168 182

271 3183 428 3238 Schneider
436 3180 565 3254 Αἴγυπτος
572 3184 746 3253 προπάροιθεν
756 3180 795 3237 ἐπ’
804 3183 876 3236 ἐννέα
886 3184 1000 3251 κάρφετο
1009 3185 1092 3239 ποίας.
1112 3184 1259 3238 claudian.
1267 3184 1296 3238 in
1306 3186 1426 3254 Eutrop.

270 3253 288 3309 i.
304 3255 422 3323 159-162
441 3255 492 3308 Sic
510 3255 613 3308 multos
623 3254 722 3323 fluuio
743 3259 822 3308 uates
839 3259 936 3308 arente
952 3258 1010 3325 per
1026 3271 1122 3323 annos,
1141 3256 1263 3325 Hospite
1280 3258 1336 3325 qui
1351 3272 1428 3311 caeso

270 3327 383 3380 monuit
397 3325 515 3395 placare
538 3326 699 3393 Tonantem,
718 3326 857 3378 quentas
871 3327 988 3394 pm'mus
1006 3327 1153 3380 Busiridis
1172 3326 1277 3380 imbuit
1295 3344 1366 3380 aras
1386 3327 1429 3380 Et

270 3397 371 3450 cecidit
393 3397 480 3465 saeui,
505 3397 582 3465 quod
602 3396 723 3463 dixerat,
748 3395 841 3449 hostia
865 3397 946 3450 sacri.
1019 3401 1102 3451 seori
1126 3401 1297 3451 mostrator
1320 3401 1426 3461 iniqui

190 3513 195 3525 .
273 3465 408 3520 Phrasius
422 3466 562 3535 (Apollod
577 3465 603 3520 ii.
620 3479 642 3535 5.
659 3466 702 3533 11)
716 3465 776 3520 siue
793 3475 823 3519 ut
840 3475 883 3520 est
901 3483 945 3536 ap.
962 3469 1036 3536 Hyg.
1053 3468 1085 3536 56
1104 3477 1132 3522 et
1147 3466 1230 3522 Ouid.
1245 3469 1279 3522 A.
1293 3468 1328 3521 A.
1343 3466 1361 3521 i.
1375 3469 1427 3534 647

272 3536 419 3590 Thrasius·
459 3538 532 3591 Rem
557 3536 598 3591 sic
622 3546 717 3591 narrat
741 3536 872 3605 Apollod.
892 3536 918 3591 ii.
942 3549 1009 3606 5.11
1035 3539 1108 3591 Μετὰ
1129 3536 1227 3605 Λιβύην
1246 3537 1276 3590 δὲ
1296 3535 1429 3609 Αἴγυπτον

273 3604 376 3673 διεξῄει.
399 3605 491 3674 ταύτης
511 3606 649 3670 ἐβασίλευε
670 3605 790 3676 Βούσιρις
810 3608 1005 3662 Ποσειδῶνος
1024 3611 1094 3663 ταῖς
1115 3610 1156 3661 καὶ
1175 3609 1365 3677 Λυσιανάσσης
1384 3611 1430 3676 τῆς

274 3677 402 3745 Ἐπάφου.
428 3674 503 3732 οὗτος
518 3676 578 3732 τοὺς
594 3677 683 3744 ξένους
699 3677 771 3731 ἔθυεν
785 3677 828 3731 ἐπὶ
843 3680 924 3750 βωμῷ
942 3680 1003 3733 Διὸς
1021 3679 1084 3733 κατά
1101 3701 1126 3733 τι
1143 3680 1243 3748 λόγιον·
1270 3679 1360 3732 ἐννέα
1378 3681 1429 3751 γάρ

272 3748 324 3815 ἐτη
346 3746 460 3816 ἀφορία
480 3746 533 3815 τὴν
553 3745 708 3819 Αἴγυπτον
732 3748 890 3814 κατέλαβε,
912 3750 1049 3819 Φράσιος
1070 3749 1099 3803 δέ
1120 3750 1218 3804 ἐλθὼν
1238 3750 1271 3802 ἐκ
1294 3749 1429 3819 Κύπρου,

272 3817 380 3888 μάντις
397 3816 449 3885 τὴν
466 3816 645 3886 ἐπιστήμην,
657 3820 716 3889 ἔφη
734 3819 789 3887 τὴν
804 3818 940 3889 ἀφορίαν
955 3819 1145 3883 παύσασθαι,
1158 3821 1210 3874 ἐὰν
1225 3820 1316 3886 ξένον
1333 3822 1431 3893 ἀνδρα

273 3888 314 3960 τῷ
333 3888 383 3943 Διί
401 3889 549 3957 σφάξωσι
568 3891 630 3944 κατ’
648 3890 724 3945 ἔτος.
762 3888 883 3959 Βούσιρις
897 3891 926 3943 δέ
940 3891 1036 3945 ἐκεῖνον
1047 3897 1150 3960 πρῶτον
1162 3891 1269 3958 σφάξας
1281 3893 1327 3946 τὸν
1339 3895 1431 3960 μάντιν

272 3959 334 4015 τοὺς
346 3961 477 4014 κατιόντας
488 3958 576 4028 ξένους
588 3960 696 4031 ἔσφαζε.
721 3961 885 4028 συλληφθεὶς
901 3959 998 4015 οὖνκαὶ
1011 3960 1143 4029 Ἡρακλῆς
1158 3964 1212 4017 ταῖς
1227 3964 1328 4030 βωμοῖς
1343 3984 1431 4033 προσ·

274 4031 392 4102 εφέρετο,
399 4031 431 4085 τὰ
441 4030 469 4083 δέ
479 4030 563 4098 δεσμά
573 4029 711 4113 διαῤῥίηξος
718 4033 763 4084 τάν
771 4053 800 4084 τε
810 4030 932 4099 Βούσιριν
939 4032 983 4085 καί·
988 4034 1033 4086 τὸν
1040 4032 1136 4086 ἐκείνου
1145 4032 1224 4087 παῖδα
1231 4029 1433 4102 Ἀμφιδάμαντα

274 4102 376 4159 ἔκτεινε.
413 4102 525 4156 Eadem
546 4103 677 4172 Hygmus
698 4102 739 4170 56,
759 4119 851 4171 aquo
873 4103 1009 4157 Thrasius
1032 4102 1215 4171 Pigmalionis
1235 4103 1317 4172 filius,
1336 4105 1432 4160 fratris

272 4172 424 4241 Busiridis,
437 4174 601 4242 appellatur.
641 4175 778 4228 Canterus
789 4173 838 4242 (ad
849 4174 913 4242 Lyc.
927 4173 986 4243 158)
995 4175 1089 4228 locum
1102 4174 1237 4229 intellexit
1250 4175 1286 4228 de
1302 4177 1433 4245 Molpide

277 4245 349 4298 Eleo
363 4244 419 4312 (τοῦ
432 4247 492 4311 Ζηνὶ
504 4243 696 4312 δαιτρευθέντος
707 4242 822 4314 Ὀμβρίῳ
840 4243 918 4312 δέμας
937 4247 1004 4313 Lyc.
1020 4243 1079 4314 159)
1094 4245 1141 4314 qui
1158 4255 1188 4299 ut
1205 4246 1311 4300 famem
1329 4263 1431 4314 procu·

275 4325 350 4369 reret
363 4332 419 4385 qua
432 4315 493 4369 Elis
505 4315 686 4385 premebatur
702 4313 763 4384 ipse
779 4331 810 4369 se
827 4331 861 4369 ex
878 4316 992 4370 oraculo
1004 4315 1209 4370 immolandum
1223 4317 1364 4386 praebuit,
1378 4335 1434 4388 quo

276 4387 352 4440 sacto
362 4386 455 4440 εὐθέως
463 4386 559 4456 ἐρράγη
569 4386 648 4440 ὑετάς·
668 4386 692 4438 oi
701 4385 729 4438 δέ
739 4383 841 4438 Ἠλεῖοι
853 4385 979 4453 ἐποίησαν
988 4385 1114 4455 Ὀμβρίου
1124 4389 1184 4443 Διὸς
1197 4388 1272 4455 ίερδν,
1286 4388 1314 4440 ἐν
1326 4383 1348 4458 ᾧ
1362 4391 1434 4443 ἐστιν

276 4456 381 4525 ἀνδριὰς
392 4459 438 4508 τοῦ
451 4457 595 4510 Minoidos.
631 4456 738 4525 (Schol.
752 4455 916 4511 Marcianus
928 4457 966 4512 ad
980 4459 1046 4527 Lyc.
1062 4458 1132 4527 159.)
1211 4461 1281 4513 398.
1299 4461 1435 4515 uictima

277 4543 388 4583 eaeeue
405 4542 457 4597 pro
475 4526 599 4584 uictima.
636 4529 712 4599 Hyg.
724 4527 757 4598 56
770 4527 806 4585 de
818 4529 843 4582 T
844 4527 939 4585 hrasio
946 4530 1097 4600 promissis
1100 4529 1190 4600 fidem
1202 4527 1210 4582 i
1215 4545 1273 4600 pse
1286 4528 1435 4589 immola-
