3126 4980
216 353 254 409 78
699 347 881 411 SCHOLIA

258 521 326 580 450.
345 505 501 584 Corpora
515 506 670 582 proiecta
684 524 770 582 quae
853 503 1029 564 Callimacus
1054 500 1117 585 [in]
1147 504 1301 563 inuidum
1332 507 1398 565 scri-

217 606 278 648 sua
306 598 430 665 purgat
455 606 551 664 aqua.
594 586 770 647 Callimacus
811 587 885 645 bens
912 603 965 660 pro
993 586 1057 644 eius
1086 586 1297 645 immunditia
1331 606 1398 646 eum

216 670 285 729 iecit
298 671 329 728 in
348 671 507 746 quemdam
520 669 670 727 inimicum
685 686 771 727 suum
811 666 927 725 Ibidem
937 667 967 724 in
980 666 1054 726 libro
1067 684 1125 725 suo
1138 669 1319 744 appellauit
1330 670 1398 746 quia

216 751 398 811 inuectiones
411 751 493 811 cuius
510 768 619 809 nomen
634 749 686 809 tuit
701 749 771 820 Ibis,
812 749 867 807 ibis
882 744 918 830 [s.
934 748 1047 807 ciconia
1062 758 1168 807 rostro
1190 762 1312 826 purgat
1327 769 1396 828 pos-

217 833 234 891 i.
245 833 399 898 hermenia,
410 850 484 909 quae
499 850 531 891 se
545 843 639 891 rostro
653 830 772 890 inferius
811 830 915 889 teriora
929 829 1002 888 etin
1016 828 1075 887 hoc
1090 827 1286 913 exercetur}
1325 833 1396 892 Ask.

216 922 330 991 purgat.
375 912 412 973 G.
811 918 837 971 et
851 911 885 970 C.

261 1008 330 1066 451.
352 994 505 1053 Vulnera
529 1003 649 1071 totque
672 993 771 1052 feras
854 992 1049 1054 Menedemus
1082 1010 1166 1051 unus
1198 993 1267 1053 dux
1300 995 1394 1056 Grae·

218 1075 412 1134 Menedemus
431 1074 490 1134 dux
507 1075 689 1135 Graecorum
705 1085 772 1134 ante
813 1092 915 1133 corum
930 1073 1009 1151 apud
1023 1074 1150 1133 Troiam
1166 1075 1316 1150 plurimis
1331 1078 1393 1137 uul-

219 1156 342 1215 Troiam
352 1156 481 1232 pluribus
495 1158 592 1215 cultris
606 1157 771 1216 interiectus
813 1157 930 1216 neribus
951 1155 1108 1216 cultrorum
1126 1156 1316 1218 interfectus
1331 1160 1393 1230 fuit,

217 1249 270 1297 est.
313 1237 401 1296 Vnde
416 1239 453 1295 ab
472 1239 534 1298 eius
553 1239 694 1298 sacrificio
712 1239 771 1298 cul·
812 1255 902 1313 quare
925 1257 943 1297 a
967 1237 1057 1296 sacris
1084 1238 1148 1296 eius
1181 1239 1286 1298 culter
1317 1242 1393 1300 solet

218 1330 261 1387 ter
276 1318 377 1377 dicitur
391 1319 502 1381 abesse.
547 1318 585 1379 G.
812 1321 925 1390 abesse,
939 1329 971 1377 ut
985 1319 1024 1377 ait
1038 1317 1150 1377 Gallus.
1201 1319 1232 1379 C
1245 1328 1277 1379 et
1288 1322 1364 1380 Ask.

260 1400 439 1459 Callimacus
454 1400 523 1459 dicit
542 1400 622 1477 quod
642 1401 672 1458 in
689 1400 784 1475 insula
798 1399 929 1459 Cretensi
948 1401 984 1458 sit
1003 1398 1178 1458 sacrificium
1196 1400 1391 1463 Menedemo

218 1482 300 1541 heroi
315 1500 370 1540 nec
385 1481 460 1540 ferro
475 1483 632 1559 quicquam
648 1482 780 1540 inmolari
794 1482 864 1560 quia
877 1483 902 1542 is
916 1481 1047 1559 plurimis
1061 1480 1239 1543 uulneribus
1256 1485 1291 1543 in
1308 1486 1387 1545 bello

127 1586 129 1590 ¹
219 1563 351 1622 Troiano
368 1564 459 1638 periit.
501 1563 540 1621 P.

262 1660 330 1719 453.
352 1644 397 1703 Vt
417 1662 504 1720 quos
525 1643 688 1721 Cybeleia
708 1663 773 1704 ma·
857 1642 1029 1703 Sacerdotes
1070 1641 1201 1714 Cibeles,
1242 1666 1321 1706 cum
1358 1650 1389 1707 in

219 1735 279 1785 ter.
322 1725 421 1784 Cibele
436 1745 454 1785 a
468 1724 558 1785 Troia
575 1725 704 1785 Romam
723 1725 773 1785 de·
815 1726 925 1802 templo
950 1726 1041 1800 ipsius
1067 1721 1215 1806 [Cibeles]
1242 1741 1321 1788 sunt
1344 1749 1389 1789 re-

219 1807 278 1865 lata
291 1816 343 1877 est,
358 1807 440 1866 cuius
455 1808 478 1866 si
496 1809 560 1883 quis
577 1808 695 1867 uolebat
709 1825 773 1866 esse
814 1808 900 1882 cepti,
910 1806 1001 1864 uirilia
1009 1808 1140 1865 membra
1148 1808 1385 1880 abscinduntur,

220 1889 367 1957 sacerdos,
377 1907 409 1948 se
421 1888 516 1964 ipsum
531 1889 673 1947 castrabat
686 1907 773 1965 prop·
814 1898 846 1946 ut
875 1888 998 1947 habetur
1026 1889 1057 1945 in
1081 1885 1194 1946 Ouidio
1217 1890 1387 1952 Fastorum

220 1980 263 2028 ter
273 1969 502 2028 modulationem
511 1981 540 2028 et
551 1971 720 2029 castitatem.
736 1969 772 2029 G.
816 1968 852 2048 (J
856 1969 886 2028 V.
904 1988 961 2044 249
976 1967 1056 2045 squ).
1098 1966 1169 2027 Ast.
1186 1978 1216 2027 et
1231 1971 1269 2032 C.

262 2064 330 2124 455.
353 2049 424 2110 Nec
443 2050 570 2110 femina
588 2070 650 2111 nec
667 2053 719 2110 uir
736 2061 772 2110 ut
786 2051 884 2110 Attis.
927 2049 1007 2108 Attis
1021 2050 1083 2108 eius
1097 2049 1170 2108 deae
1187 2054 1339 2114 sacerdos
1354 2074 1385 2114 se

220 2131 410 2192 ementulauit
424 2142 452 2191 et
467 2133 534 2192 ideo
549 2151 603 2191 nec
618 2143 661 2192 est
675 2134 719 2191 uir
734 2152 788 2192 nec
803 2133 917 2190 femina.
965 2130 1001 2190 G.

260 2213 337 2272 Attis
359 2231 440 2288 puer,
455 2215 523 2289 quia
543 2215 714 2290 promiserat
735 2213 862 2291 Cybelae
883 2212 1049 2271 castitatem
1065 2220 1094 2270 et
1115 2221 1224 2286 postea
1245 2215 1385 2288 uiolauit,

220 2293 314 2353 factus
329 2304 377 2454 est)
387 2295 517 2367 insanus,
531 2296 571 2355 ita
584 2296 665 2374 quod
676 2296 799 2355 abscidit
813 2294 904 2354 uirilia
915 2293 978 2366 sibi,
988 2304 1019 2352 ut
1028 2293 1067 2352 ait
1078 2292 1206 2353 Ouidius
1218 2294 1384 2357 Fastorum

219 2375 289 2455 (IV.
307 2394 385 2451 ²²3·
432 2375 465 2435 C.

261 2473 329 2532 457.
360 2458 468 2534 Inque
504 2476 609 2534 pecus
647 2459 771 2519 subito.
852 2455 1062 2532 Hippomenes
1088 2466 1118 2515 et
1139 2456 1296 2530 Atalanta,
1314 2461 1385 2536 quia

218 2539 426 2616 Hippomenes
463 2549 492 2598 et
525 2539 663 2599 Atalanta
705 2550 772 2617 post
813 2539 985 2599 sacrificium
1012 2539 1123 2596 Veneri
1152 2555 1216 2596 non
1246 2539 1383 2600 fecerant

219 2640 320 2681 casum
341 2638 400 2697 quo
417 2639 482 2679 eam
498 2621 643 2681 deuicerat
660 2622 772 2681 auxilio
813 2639 881 2680 cum
905 2621 935 2678 in
961 2619 1071 2696 templo
1095 2617 1212 2679 Cibeles
1236 2639 1383 2682 concum-

258 2777 319 2825 450.
338 2759 429 2813 facere
442 2760 627 2813 antecuiusG
698 2758 848 2812 erneniaG
925 2758 952 2810 in
966 2759 1049 2814 0th
1117 2756 1382 2825 pereiusimmun·

220 2830 316 2884 ditiam
330 2831 353 2884 C
414 2831 496 2885 Verba
505 2841 563 2900 post
575 2830 625 2882 ibis
637 2849 685 2883 om.
699 2831 727 2884 C.

256 2918 317 2966 451.
335 2900 491 2968 pluribusC
533 2901 623 2954 cultro
636 2902 701 2953 Ask.
746 2901 796 2952 int.
808 2906 851 2953 est
865 2901 929 2952 Ask.
973 2898 1069 2968 quare]
1084 2898 1147 2967 quia
1160 2898 1216 2950 Cet
1231 2900 1302 2954 Ask.
1352 2903 1381 2955 in

219 2972 304 3025 sacris
328 2971 386 3024 eius
410 2972 499 3024 culter
523 2972 627 3024 solebat
652 2986 711 3023 esse
735 2976 767 3024 ut
787 2970 825 3022 ait
844 2970 938 3022 Gallus
956 2975 985 3021 et
1009 2976 1076 3022 tunc
1094 2967 1190 3022 aberat
1208 2970 1277 3024 Ask.
1298 2975 1382 3041 inepte

220 3041 301 3094 Vnde
320 3043 347 3094 in
365 3042 503 3095 sacrificiis
520 3043 579 3095 eius
597 3041 677 3095 cultri
697 3057 753 3107 non
771 3040 942 3094 habebantur
954 3042 1030 3094 Mure
1047 3042 1090 3108 qui
1106 3041 1146 3092 hic
1164 3038 1202 3092 ad
1219 3041 1244 3093 G
1254 3047 1382 3110 proxime

219 3114 316 3167 accedit
327 3115 377 3167 nisi
388 3115 453 3183 quod
465 3113 570 3166 Gallum
583 3132 631 3166 non
643 3115 706 3165 citat
831 3111 984 3164 Calimacus
995 3114 1020 3164 P
1150 3110 1343 3165 menedemon
1358 3117 1382 3167 P

219 3185 337 3237 Historia
355 3204 403 3237 non
416 3196 524 3253 prorsus
533 3184 634 3251 ficticia
653 3183 753 3237 uidetur
769 3201 829 3235 esse.
875 3182 1032 3235 Menedemus
1050 3182 1115 3233 enim
1131 3190 1214 3250 potest
1232 3183 1256 3234 is
1273 3202 1332 3236 esse
1351 3186 1382 3237 de

220 3274 266 3324 quo
290 3255 450 3309 Ptolemaeus
477 3255 627 3324 Hephaestio
655 3254 679 3305 V
699 3255 760 3307 haec
785 3253 869 3306 tradit.
894 3250 934 3305 ὅτι
960 3252 991 3304 τδ
1018 3249 1154 3319 Ὁμηρικὸν
1178 3253 1381 3320 τιτρώσκεσθαι

219 3325 364 3393 μέλλοντος
383 3324 465 3378 Ὀὐδὲ
487 3324 572 3390 σέθεν,
592 3323 721 3389 Μενέλαε,
734 3324 789 3377 θεοὶ
807 3323 917 3391 μάκαρες
934 3317 1083 3374 λελάθοντά
1102 3323 1195 3373 τοῦτον
1213 3322 1262 3375 τὸν
1280 3325 1382 3395 στίχον

219 3393 375 3465 παρῴδησεν
387 3397 400 3446 ὁ
413 3393 511 3449 Πύθιοε
523 3393 654 3462 Μενέδημε
667 3393 722 3448 ἀντὶ
734 3398 780 3447 τοῦ
793 3393 918 3446 Μενέλαε.
948 3391 1076 3460 προετάθη
1096 3390 1123 3443 δὲ
1141 3391 1171 3444 τὸ
1191 3389 1291 3461 ζήτημα
1304 3397 1382 3463 παρὰ

220 3465 324 3518 δεῖπνον
336 3462 488 3535 Αὐγούστου
506 3468 552 3517 τοῦ
570 3465 710 3531 βασιλέως,
722 3465 798 3519 ποῖον
814 3464 908 3534 στίχον
918 3460 1032 3531 Ὀμήρου
1049 3459 1202 3532 παρῴδησεν
1219 3462 1235 3512 ὁ
1252 3468 1383 3533 χρησμὸς

221 3537 261 3587 καὶ
280 3535 319 3588 ris
334 3534 434 3587 ε’στινό
452 3534 480 3588 ἐν
491 3537 527 3604 τῷ
546 3535 656 3605 χρησμῷ
675 3532 865 3604 ἱστορούμενος.
896 3533 938 3586 καὶ
949 3533 983 3587 ὥς
995 3533 1143 3601 Μενέδημος
1153 3529 1262 3587 Ἠλεῖος
1276 3537 1382 3591 Βουνέσ

219 3606 275 3658 υἱὸν
287 3603 550 3673 ὐπέδειξενἨρακλεῖ
560 3605 619 3674 περὶ
631 3607 675 3671 τῆς
688 3604 835 3673 καθάρσεως
846 3607 892 3658 τοῦ
901 3602 1001 3673 Αὐγέου
1010 3605 1107 3669 κόπρου
1120 3602 1188 3655 ὥστε
1200 3600 1383 3676 ἀποστρέψαι

220 3677 266 3729 τὸν
277 3676 403 3742 ποταμόν.
466 3675 543 3728 Credo
563 3676 734 3729 Menedemum
753 3676 843 3729 cultris
861 3677 1020 3739 interfectum
1038 3674 1098 3729 dum
1114 3671 1248 3743 populares
1267 3676 1383 3732 haerent

212 3747 352 3815 faciantne
358 3747 464 3811 heroem,
473 3747 622 3799 consuluisse
634 3746 770 3799 oraculum
777 3748 804 3799 in
811 3745 932 3814 Delphis,·
945 3747 984 3797 his
994 3744 1283 3813 Pythiumvrespondisse
1291 3746 1383 3802 allato

221 3838 297 3873 uersu
310 3817 399 3870 iliadis
414 3817 457 3869 IV.
471 3831 519 3879 127
535 3815 600 3869 Οὐδὲ
614 3816 700 3883 σέθεν,
710 3816 851 3885 Μενέδημε,
865 3814 919 3869 θεοὶ
931 3837 956 3882 μ.
970 3814 1122 3880 λελάθοντο,
1131 3815 1232 3880 aliaque
1243 3817 1383 3872 addidisse

220 3891 307 3958 quibus
326 3889 496 3942 Menedemum
516 3888 660 3941 uulneribus
678 3889 783 3940 occisum
798 3898 846 3955 pro
859 3888 951 3955 patria
964 3886 1079 3939 Menelao
1098 3895 1261 3952 compararet
1280 3906 1342 3941 cum
1363 3910 1383 3944 a

220 3962 344 4014 Pandaro
361 3962 460 4028 sagitta
479 3957 626 4012 uulneratus
644 3960 743 4012 nonnisi
759 3958 862 4011 deorum
880 3969 922 4026 ope
939 3956 1016 4009 letum
1034 3956 1170 4026 effugeret,·
1187 3957 1263 4022 quasi
1282 3960 1383 4016 dicem

220 4033 279 4085 ‘Ne
296 4033 335 4084 tui
351 4031 458 4100 quidem,
472 4030 495 4084 0
508 4029 656 4094 Menedeme,
670 4031 708 4082 uti
723 4048 766 4082 nec
778 4028 900 4093 Menelai,
912 4029 948 4080 dii
965 4027 1036 4079 obliti
1053 4038 1112 4080 sunt
1121 4045 1131 4080 .·
1148 4044 1254 4079 seruare
1273 4032 1383 4095 quidem

220 4123 268 4158 non
277 4102 518 4172 poterant,faciunt
529 4111 615 4153 tamen
627 4100 807 4165 immortalem,
819 4110 844 4152 et
856 4101 922 4151 inter
932 4098 1021 4151 heroas
1033 4095 1196 4150 consecrant.’

256 4191 317 4238 453.
336 4171 419 4224 dilata
434 4173 457 4225 G
544 4170 758 4224 modulationem
771 4171 797 4224 h.
809 4189 830 4222 e.
843 4171 964 4222 incitatus
976 4169 1055 4221 modis
1068 4168 1191 4221 tibiarum
1204 4177 1229 4219 et
1242 4178 1273 4220 ut
1285 4184 1383 4227 castus

162 4280 164 4284 -
220 4256 333 4297 maneret
398 4239 519 4310 Cibeles]
533 4261 581 4295 om.
595 4243 660 4294 Ask.
731 4247 763 4294 ut
774 4240 803 4292 in
817 4239 918 4293 Ouidio
929 4237 1063 4292 fastorum
1075 4237 1175 4292 dicitur
1188 4236 1217 4291 G.

255 4330 316 4379 455.
335 4313 386 4365 atis
400 4314 447 4368 GC
515 4311 649 4366 abscindit
662 4313 690 4367 C.

256 4398 316 4448 457·
337 4384 483 4450 lpomenes
495 4388 524 4436 et
536 4378 677 4437 talantaG
759 4381 891 4435 ausilioG
977 4380 1110 4433 nolensG
1188 4377 1345 4446 §pomenes
1360 4388 1388 4443 C.

219 4452 376 4508 athlantaC
445 4469 542 4507 uerum
556 4454 581 4509 G.
647 4452 833 4507 concuberent
846 4453 881 4505 0..
