3038 4988
240 387 296 442 114
649 380 997 441 COMMENTARIVS.

234 540 295 593 Nec
304 540 455 608 finiantur
467 543 555 593 morte
572 540 712 610 suppliter
725 539 752 610 (1
760 539 910 610 simplices)
928 542 1038 608 poenae.
1076 539 1163 593 buius
1181 539 1291 594 claudit
1311 539 1399 594 hexa-

236 619 357 665 metrum
378 611 417 664 M.
432 628 476 663 xv.
490 623 551 678 751,
569 609 621 663 xiv.
636 609 696 675 667.
831 612 896 665 197.
914 613 994 664 Inde
1012 627 1046 665 ex
1064 611 1151 664 tantis
1170 610 1254 664 malis
1276 628 1351 680 quae
1371 620 1399 664 te

235 691 361 736 manent.
404 682 533 735 frondes
551 684 591 734 ab
608 684 667 735 Ida
686 682 726 735 M.
740 679 795 735 xiii.
810 695 862 748 324
880 681 1099 751 sinefrondibus
1110 681 1160 735 Ide
1170 683 1260 735 stabit
1275 682 1398 749 (Burm)

237 753 270 806 Il.
283 751 335 806 xxi.
350 765 403 819 449
415 747 487 818 Ἴδης
505 752 532 804 ἐν
550 753 669 819 κνημοῖσι
686 749 856 818 πολυπτύχου
874 751 1016 820 ὑληέσσης.
1150 755 1216 807 198,
1237 769 1399 806 summam

236 838 350 887 aquam
371 838 406 876 ex
427 821 574 891 superficie
595 838 740 892 aquarum
807 825 847 877 de
871 837 965 876 mare.
1015 822 1071 876 Hic
1093 822 1235 877 ablatiuus
1256 823 1399 892 reperitur

236 895 270 948 A.
284 895 319 952 A.
333 892 369 947 iii.
384 906 428 960 94,
440 892 524 946 Trist.
538 911 562 947 v.
577 907 600 946 2.
616 907 659 961 20,
673 894 753 946 Pont.
768 891 804 948 iv.
814 893 838 947 6.
850 893 893 959 46.
926 893 1021 962 (Neue
1035 895 1237 948 Formenlehre
1251 894 1269 947 i.
1284 911 1311 962 p.
1323 892 1397 961 234.)

237 966 282 1017 Ex
298 965 426 1017 Varrone
446 962 569 1017 Atacino
589 962 676 1017 citant
700 963 844 1018 Charisius
864 963 880 1018 i.
898 977 937 1032 15,
960 964 1120 1018 Priscianus
1140 964 1185 1019 vii.
1204 980 1231 1017 11
1258 966 1400 1035 Cingitur

238 1035 353 1102 Oceano,
366 1033 468 1102 Libyco
480 1050 565 1101 mare,
574 1033 701 1103 flumine
712 1034 796 1088 Nilo.
863 1038 934 1089 200.
955 1040 1040 1089 terra
1059 1039 1174 1090 Cilissa
1192 1052 1304 1090 crocos
1324 1035 1398 1089 Plin.

238 1107 275 1159 H.
295 1107 332 1158 N.
354 1104 407 1159 xxi.
427 1121 458 1173 31
488 1106 591 1159 Prima
611 1105 744 1159 nobilitas
766 1106 866 1160 Cilicio
888 1105 985 1174 (croco)
1006 1112 1035 1159 et
1054 1106 1096 1160 ibi
1114 1109 1146 1161 in
1166 1108 1271 1174 Coryco
1294 1112 1396 1159 monte.

239 1178 318 1230 Lucr.
333 1174 360 1230 ii.
373 1176 433 1242 416.
551 1178 620 1230 202.
643 1179 748 1230 Athos
766 1192 831 1229 cum
851 1177 949 1244 Hybla
967 1176 1090 1246 iungitur
1107 1179 1140 1231 A.
1155 1180 1189 1231 A.
1203 1176 1230 1231 ii.
1247 1190 1299 1245 517
1322 1177 1400 1245 Quot

236 1247 343 1317 lepores
354 1247 385 1300 in
397 1246 484 1314 Atlio,
497 1251 566 1316 quot
576 1249 642 1370 cqles
649 1249 812 1317 pascuntur
821 1249 853 1302 in
866 1248 969 1317 Hybla.
1075 1250 1148 1311 203,
1159 1251 1231 1301 204.
1253 1249 1287 1302 11.
1302 1247 1328 1301 ii.
1343 1249 1397 1313 488

236 1317 344 1384 nlntio
353 1314 376 1370 δ’
385 1317 431 1370 οὐκ
443 1316 474 1370 ἂν
482 1317 533 1387 ἐγὼ
545 1339 580 1385 μυ
598 1316 693 1385 ἡσομοι
706 1317 760 1370 οὐδ’
768 1316 892 1387 ὀνομήνω,
904 1316 965 1371 Οὐδ’
975 1315 1053 1386 εἷμαι
1063 1317 1123 1371 δέκα
1134 1318 1181 1387 μὲν
1188 1321 1324 1388 γλῶσσαι,
1336 1317 1398 1370 δέκα

236 1387 266 1440 δὲ
278 1384 386 1455 στόματ’
398 1383 456 1456 εἶεν,
469 1387 542 1455 Φωνι)
555 1384 578 1440 δ’
591 1388 723 1456 ἄρρηκτος,
737 1388 849 1458 χάλκεον
862 1389 892 1442 δέ
903 1411 946 1450 μοι
959 1387 1021 1457 ἦτορ
1033 1389 1108 1457 ἐνείη.
1196 1392 1269 1444 204.
1289 1393 1399 1443 multi·

236 1462 361 1523 plicata
394 1458 551 1529 Quinquies
562 1458 679 1513 recurrit
692 1460 747 1512 hoc
759 1460 878 1514 uerbum
890 1459 919 1514 in
931 1460 1109 1514 Carminibus
1120 1476 1193 1530 quae
1204 1461 1267 1514 exul
1282 1460 1398 1528 scripsit

238 1529 368 1597 Ouidius,
389 1530 430 1583 lb.
444 1529 506 1597 642,
525 1529 608 1584 Trist.
629 1529 663 1583 iv.
682 1529 706 1583 6.
728 1532 770 1598 38,
789 1549 813 1585 v.
832 1547 852 1585 1.
866 1530 910 1599 64,
930 1532 1010 1584 Pont.
1029 1530 1064 1585 iv.
1080 1546 1105 1599 9.
1117 1531 1170 1597 67:
1196 1530 1301 1600 quibus
1320 1531 1399 1584 adde

237 1602 318 1655 Rem.
333 1602 375 1669 98.
471 1603 544 1665 205,
557 1604 583 1654 6.
605 1601 783 1654 Praeclarum
796 1600 937 1669 ὀξύμωρον.
977 1602 1017 1656 ci.
1032 1601 1060 1654 in
1073 1619 1103 1655 re
1117 1601 1246 1655 dissimili
1260 1603 1296 1656 A.
1308 1603 1342 1656 A.
1357 1601 1398 1655 iii.

237 1673 289 1725 288
310 1672 381 1725 Cum
393 1673 456 1726 niu
467 1673 543 1726 laeta
555 1677 596 1725 est
607 1672 706 1739 altera,
709 1671 784 1741 flere
790 1676 882 1742 putes.
955 1675 1025 1727 206.
1043 1676 1088 1726 Vt
1106 1677 1176 1737 cogi
1193 1676 1229 1726 in
1245 1676 1400 1727 lacrimas

236 1742 281 1812 Aj.
296 1757 348 1810 924
366 1764 400 1797 os
412 1765 453 1796 και
464 1764 516 1810 παρ
537 1741 724 1811 εχθροιςᾶξιοτ
736 1740 835 1811 Opinon
847 1744 942 1810 τυχεῖν.
1013 1746 1164 1797 209-246.
1187 1743 1346 1797 Conuersio
1360 1744 1399 1797 ad

237 1814 347 1868 natales
362 1813 451 1868 Ibidis
464 1822 492 1868 et
505 1812 703 1881 horoscopum.
809 1816 875 1866 210.
896 1816 1068 1868 Commoda
1080 1812 1210 1868 salutaris
1223 1823 1253 1867 ut
1269 1815 1353 1882 Prop.
1370 1814 1399 1869 ii.

237 1897 279 1949 27.
293 1898 310 1950 4
331 1885 409 1954 Quae
426 1887 466 1938 sit
481 1885 564 1938 stella
581 1883 693 1937 bomini
708 1884 857 1951 commoda,
870 1900 995 1954 quaeque
1012 1886 1090 1938 mala
1103 1884 1217 1953 (8212).
1272 1888 1400 1939 leuisue

237 1955 368 2024 benigna.
407 1955 567 2025 Opponitur
577 1956 671 2024 graui
681 1955 756 2009 Pers.
771 1973 795 2008 v.
811 1971 845 2019 50
863 1956 1079 2025 Saturnumque
1086 1972 1216 2025 grauem,
1232 1957 1316 2024 Prop.
1331 1975 1356 2010 v.
1377 1971 1398 2010 1.

237 2027 279 2093 84.
364 2029 424 2080 211.
444 2030 554 2080 Venus
567 2035 594 2080 et
607 2028 730 2090 Iupiter
743 2025 861 2080 benefici
875 2025 904 2078 in
917 2025 1014 2094 genesi
1027 2027 1180 2080 hominum.
1221 2027 1351 2080 Macrob.
1369 2026 1399 2080 in

238 2098 334 2150 Somn.
356 2096 430 2166 Scip.
450 2097 466 2152 i.
487 2112 527 2165 19.
546 2111 581 2150 20
609 2113 663 2150 cur
682 2097 836 2150 notabilior
853 2096 1012 2167 benignitas
1034 2098 1112 2153 louis
1132 2103 1160 2151 et
1185 2098 1300 2150 Veneris
1320 2099 1401 2152 inter

232 2166 423 2237 genethliacos
434 2168 578 2222 habeatnr.
614 2171 724 2221 Venus
736 2170 844 2221 illuxit
856 2167 897 2220 sic
910 2185 944 2221 ex
957 2167 1080 2222 Gedidi.
1118 2170 1209 2222 Erunt
1222 2167 1270 2238 qui
1284 2170 1401 2237 affulsit

237 2237 405 2306 praeierant,
419 2238 447 2292 in
467 2255 523 2309 quo
540 2239 627 2293 uerbo
642 2236 702 2305 (Sil.
716 2236 760 2292 vii.
775 2237 839 2307 467)
854 2237 926 2292 inest
945 2238 1024 2292 notio
1043 2255 1185 2308 prospera.
1224 2240 1291 2293 Sen.
1313 2240 1398 2293 Suas.

237 2322 298 2374 4.2
324 2310 454 2362 natales
475 2311 629 2377 inquinent
648 2313 677 2362 et
698 2308 839 2378 primam
863 2309 936 2364 aeui
961 2311 1074 2363 horam
1099 2311 1225 2362 omnium
1250 2313 1399 2363 annornm

236 2378 339 2432 liabent
354 2381 496 2446 nuntiam,
515 2396 569 2447 quo
587 2383 675 2434 ierint
692 2385 770 2432 motu
787 2380 889 2445 attera,
907 2382 939 2433 in
957 2398 1029 2449 quas
1046 2382 1270 2434 del-cucurrerant
1287 2385 1399 2450 partes,

237 2455 371 2503 contrane
387 2449 456 2503 deus
472 2452 582 2505 steterit
602 2468 640 2504 an
662 2450 816 2520 placidus
838 2451 1002 2506 affulserit
1024 2453 1081 2520 sol,
1103 2468 1187 2522 quem
1208 2452 1304 2504 locum
1327 2451 1400 2506 citat

240 2521 342 2588 Mayor
351 2520 389 2574 ad
403 2522 500 2575 quen.
511 2520 564 2575 xiv.
575 2523 635 2588 248.
707 2524 772 2575 212.
791 2525 943 2585 Lunaque
956 2525 1064 2586 solque
1076 2539 1149 2592 quae
1162 2523 1253 2574 uitam
1266 2528 1400 2575 nostram

232 2592 386 2661 praecipue
407 2592 597 2660 moderantur,
619 2609 684 2647 cum
705 2591 854 2658 αἰσθητικὸν
874 2593 909 2646 id
928 2599 969 2646 est
989 2593 1129 2647 sentiendi
1147 2598 1254 2646 natura
1275 2593 1312 2646 de
1332 2595 1399 2663 sole,

236 2662 346 2730 φυτικὸν
359 2667 462 2730 antem,
475 2663 509 2717 iel
522 2669 564 2717 est
581 2663 720 2717 crescendi
735 2669 842 2716 natura
860 2662 894 2716 de
910 2664 1013 2717 lunari
1028 2665 1070 2717 ad
1084 2680 1134 2717 nos
1147 2664 1317 2734 globositate
1330 2668 1399 2733 ¹ber-

237 2733 357 2786 ueniant
375 2733 515 2801 (Macrob.
534 2734 562 2787 in
582 2735 611 2788 S.
626 2736 653 2788 S.
668 2733 685 2788 i.
702 2748 742 2801 19.
755 2733 809 2800 23).
882 2735 946 2788 213.
968 2738 1091 2788 utiliter
1108 2738 1228 2798 positos
1246 2739 1401 2799 praebuit

238 2802 340 2857 eodem
364 2804 451 2858 modo
473 2803 627 2859 construxit
651 2812 681 2858 ut
703 2821 749 2872 ap.
773 2804 830 2859 Cic.
855 2803 1009 2872 011136.
1033 2820 1077 2872 131
1106 2807 1264 2875 appetitum
1287 2808 1402 2859 rationi

238 2874 404 2928 obedientem
422 2876 613 2944 praebeamur.
653 2877 693 2929 M.
709 2874 754 2928 xii.
771 2877 823 2941 484
847 2876 882 2928 Vt
898 2877 970 2932 12111
986 2876 1107 2929 inlaesos
1125 2877 1248 2930 miranti
1259 2878 1401 2946 ¹braebuit

238 2951 328 3000 artus.
364 2949 487 3001 utiliter
502 2963 646 3016 prospere.
685 2945 783 3000 Manil.
797 2945 831 3000 iv.
846 2959 900 3012 470
912 2963 961 3000 nec
971 2953 1077 3015 quarta
1090 2947 1166 3015 (pars
1181 2945 1333 3014 Erigones)
1348 2965 1401 3001 nec

236 3020 338 3070 octaua
358 3016 433 3071 utilis
451 3034 595 3087 umquam.
648 3020 769 3081 positos
788 3026 817 3070 ut
835 3019 955 3086 positus,
973 3020 1107 3087 positura
1128 3018 1272 3071 stellarum
1293 3017 1399 3071 dicitur

239 3089 311 3142 Gell.
324 3086 378 3142 xiv.
392 3103 413 3143 1.
428 3103 438 3141 1
454 3097 482 3142 et
495 3102 535 3157 15.
589 3090 656 3141 214.
676 3091 784 3150 Quem.
812 3087 984 3141 Mercurium
994 3088 1085 3156 magis
1098 3087 1199 3142 ceteris
1211 3086 1285 3140 lbidi
1299 3089 1399 3144 fauere

238 3159 368 3247 oportuit.
406 3161 468 3214 Ael.
489 3161 527 3214 H.
548 3161 585 3214 N.
604 3178 629 3213 x.
649 3171 682 3224 27
705 3159 741 3228 τῷ
758 3156 839 3225 Ἐρμῇ
860 3161 929 3227 φασι
951 3158 987 3229 τῷ
1004 3160 1082 3227 πατρὶ
1100 3163 1151 3223 τῶν
1168 3159 1256 3224 λόγων
1277 3161 1399 3225 φιλεῖται

239 3228 266 3297 (η
284 3225 356 3297 ἶβις),
373 3226 694 3299 211112Ἕρμαῖκῆςῖβεωτ
713 3227 741 3281 in
760 3244 868 3298 papyro
888 3228 1000 3297 magica
1018 3229 1096 3283 edita
1112 3246 1130 3282 a
1147 3229 1289 3296 Partheyo
1303 3229 1320 3283 i.
1334 3230 1398 3295 246.

238 3303 304 3355 215.
323 3305 391 3355 tera
407 3305 651 3365 necquicquam
670 3303 830 3364 placidum
849 3303 1037 3364 spondentia
1055 3303 1170 3354 Martis
1190 3303 1309 3354 Sidera.
1348 3301 1399 3354 Sic

239 3370 339 3425 Cicero
358 3371 386 3425 in
407 3372 524 3426 Somnio
545 3370 685 3440 Scipionis
704 3370 740 3425 de
762 3372 832 3439 Rep.
850 3370 886 3425 vi.
909 3372 956 3437 187
979 3377 1041 3424 turn
1063 3372 1171 3424 rutilus
1194 3368 1408 3439 horribilesque

237 3444 323 3495 terri's
346 3459 427 3509 quern
451 3443 596 3496 Martium
620 3442 721 3495 dz'citii.
768 3441 893 3495 Macrob.
917 3440 946 3494 in
972 3443 1000 3496 S.
1022 3443 1049 3495 S.
1070 3441 1087 3496 i.
1108 3456 1148 3509 19.
1169 3455 1200 3509 19
1224 3441 1399 3510 plerumque

237 3513 271 3565 de
282 3513 393 3567 Martis
404 3514 486 3566 stella
497 3513 638 3567 terribilia
649 3513 762 3566 euenire
772 3513 917 3581 definiunt.
1026 3514 1093 3566 216.
1111 3517 1297 3576 presserunt
1311 3512 1398 3566 ‘bore

239 3582 339 3636 down'
384 3585 430 3636 De
452 3584 564 3638 fortuna
587 3593 722 3652 uergente
747 3581 775 3636 in
800 3582 905 3651 peiora.
954 3583 1132 3636 Contrarium
1157 3592 1200 3636 est
1222 3582 1301 3652 quod
1327 3582 1397 3637 dicit

238 3652 359 3708 Arellius
386 3655 494 3707 Fuscus
516 3672 561 3723 ap.
582 3655 647 3708 Sen.
668 3655 749 3708 Suas.
768 3668 791 3719 4.
812 3668 827 3706 2
853 3670 891 3707 22
911 3671 948 3707 ex
966 3653 1073 3707 humili
1091 3655 1123 3706 in
1143 3653 1261 3706 sublime
1281 3654 1400 3722 Iupiter

237 3723 344 3778 tulerit.
375 3724 509 3778 Manilius
522 3724 549 3779 ii.
561 3725 609 3793 562
621 3724 773 3793 Sagittario
786 3733 868 3778 natos
878 3725 1018 3794 depressos
1027 3723 1095 3778 dicit
1108 3724 1144 3778 ab
1158 3723 1192 3777 iis
1202 3723 1249 3793 qui
1264 3724 1398 3778 Geminis

240 3793 325 3848 Libra
343 3794 459 3863 Virgine
480 3795 605 3865 Aquario
627 3795 680 3849 orti
706 3805 795 3850 sunt·
849 3797 1044 3859 falciferique
1069 3793 1190 3861 Saturni,
1213 3809 1287 3863 quae
1312 3797 1398 3849 stella

239 3865 364 3936 malefim
385 3865 487 3920 dicitur
505 3884 523 3920 a
542 3865 690 3920 Macrobio
711 3865 740 3920 in
763 3867 792 3920 S.
807 3867 835 3921 S.
855 3866 872 3921 i.
895 3881 934 3934 19.
954 3882 996 3920 2ο.
1084 3869 1149 3919 218.
1176 3869 1293 3929 Turpis
1315 3867 1399 3920 caelo

238 3935 358 3991 deformi
377 3937 464 3990 ‘foul'
483 3937 648 4007 ‘loweringl
771 3940 838 3993 219.
862 3941 897 3991 in
915 3940 1015 3991 fastis.
1053 3936 1124 3990 Dies
1143 3935 1171 3988 in
1190 3952 1247 4005 quo
1270 3936 1398 3990 Romani

238 4025 256 4062 a
278 4008 368 4063 Gallis
390 4007 456 4064 uicti
478 4009 601 4062 suntad
622 4008 726 4062 Alliam
746 4010 780 4063 A.
799 4010 832 4062 V.
852 4009 882 4062 C.
902 4009 953 4076 364
971 4007 1023 4060 suit
1042 4025 1078 4060 xv
1099 4017 1165 4061 ante
1189 4007 1252 4060 Kal.
1273 4007 1399 4062 Sextiles

239 4080 314 4148 (July
330 4081 381 4147 18).
418 4080 530 4134 Eodem
547 4080 593 4134 die
613 4079 694 4133 Fabii
712 4079 750 4132 ad
768 4080 930 4133 Cremeram
948 4078 1116 4132 ceciderant.
1156 4076 1232 4131 Hinc
1249 4075 1278 4129 in
1300 4079 1399 4133 Fastis

237 4150 400 4206 Antiatibus
413 4151 515 4205 dicitur
526 4151 585 4205 di'es
596 4151 695 4205 Alliae
706 4155 735 4203 et
744 4151 811 4204 Fab.
824 4149 1003 4218 (Mommsen
1018 4150 1090 4202 ClL.
1104 4148 1121 4202 i.
1135 4165 1161 4216 p.
1173 4145 1247 4216 397).
1285 4154 1401 4212 grauis

236 4221 355 4276 funesta.
391 4225 471 4277 Rem.
483 4237 536 4276 220
547 4223 660 4275 damnis
671 4221 755 4275 Allia
768 4222 912 4274 notasuis.
948 4222 982 4274 A.
993 4221 1026 4274 A.
1037 4218 1116 4286 i.413
1130 4236 1187 4288 qua
1190 4218 1300 4287 stabilit
1311 4220 1401 4274 Allia

238 4293 298 4345 luce
315 4294 481 4347 Vulneribus
493 4294 587 4346 Latiis
598 4292 890 4362 sanguinolentafuit.
922 4307 1045 4345 nomen.
1078 4290 1148 4343 Dies
1161 4289 1295 4343 Alliensis
1309 4301 1354 4344 est
1369 4290 1400 4344 in

240 4362 333 4418 Fastis
343 4363 506 4419 Amiternis.
551 4366 622 4417 220.
638 4367 793 4427 Quaeque.
824 4362 911 4432 Quasi
922 4362 1006 4429 dicat,
1020 4363 1101 4415 Haec
1111 4371 1153 4416 est
1162 4359 1223 4414 dies
1234 4362 1400 4417 communis

239 4433 359 4488 duorum
372 4435 540 4489 damnorum
555 4433 734 4503 reipublicae,
748 4433 809 4489 dies
822 4433 963 4500 Alliensis,
977 4432 1038 4486 dies
1052 4433 1153 4486 eadem
1166 4448 1222 4500 qua
1237 4430 1296 4483 Ibis
1311 4442 1400 4488 natus

239 4513 290 4559 est.
336 4509 464 4570 publica
475 4509 591 4560 damna
604 4505 722 4575 Epiced.
737 4504 823 4559 Drusi
837 4519 895 4559 200.
932 4501 1092 4573 Opponitur
1105 4504 1172 4556 bono
1180 4501 1295 4571 publico
1309 4511 1402 4559 natus
