3082 4980
545 367 871 429 PROLEGOMENA.
1239 367 1290 427 xxi

138 525 318 602 aequiperari
333 523 426 604 (223).
469 526 539 584 Non
555 526 633 584 enim
649 544 683 584 ea
697 526 728 584 in
743 525 851 584 Ouidio
867 526 911 585 sui
930 525 1045 585 iactatio
1060 525 1113 584 suit
1126 536 1158 585 ut
1172 524 1290 585 exilium

139 624 224 665 suum
244 626 311 665 cum
329 608 441 666 excidio
456 607 544 666 Vrbis
564 616 753 683 compararet,
767 608 824 666 nisi
844 606 1102 684 auctoremfugae
1124 608 1187 667 siue
1207 607 1291 668 factis

138 690 200 746 siue
214 689 345 747 moribus
359 689 474 765 publice
489 689 615 747 inuisum
629 689 785 748 iudicasset
794 709 801 761 ;
825 688 902 747 uelut
917 707 963 764 ap.
979 688 1044 747 Val.
1060 689 1140 749 Max.
1154 689 1191 748 ix.
1210 707 1255 747 11.
1271 705 1290 762 4

49 765 55 774 ’
79 842 80 846 ¹
140 768 263 828 Seianus
278 770 437 829 Alliensem
457 770 534 828 diem
556 770 660 828 uicisse
682 770 785 829 dicitur
795 790 802 842 ;
826 778 854 828 et
869 771 899 827 in
914 768 1099 846 Cenotaphio
1114 770 1221 829 Pisano
1236 787 1291 846 pro

138 851 260 910 Alliensi
273 852 432 910 memoriae
446 851 577 927 proditur
591 852 722 926 lugubris
737 852 761 910 is
776 852 838 910 dics
853 869 912 928 quo
927 851 974 910 die
992 851 1025 911 C.
1042 851 1152 911 Caesar
1165 850 1293 928 Augusti

137 950 232 1008 nepos
246 933 326 992 obiit.

178 1014 217 1071 Et
227 1010 303 1073 haec
318 1014 435 1090 quidem
457 1014 487 1070 in
508 1014 573 1088 ipso
593 1013 720 1072 carmine
735 1012 826 1073 Ibidis
839 1013 983 1090 leguntur.
1026 1013 1086 1073 Sed
1099 1023 1128 1072 et
1142 1014 1172 1073 in
1187 1013 1292 1073 Tristi-

138 1096 193 1153 bus
215 1105 244 1154 et
260 1097 291 1154 in
305 1095 443 1173 Epistulis
464 1114 501 1152 ex
516 1095 611 1152 Ponto
632 1104 699 1152 sunt
718 1113 793 1170 quae
811 1095 848 1155 ad
862 1095 989 1154 eundem
1003 1096 1153 1154 inimicum
1168 1097 1292 1173 scriptae

138 1178 299 1237 uideantur.
340 1178 386 1235 Ex
402 1176 447 1235 his
462 1177 593 1252 proxime
609 1177 646 1234 ad
657 1176 724 1234 Ibin
738 1177 849 1236 accedit
861 1176 947 1235 Trist.
957 1177 995 1236 iii.
1010 1195 1054 1235 11.
1098 1177 1293 1237 Conseruntur

143 1276 187 1334 19,
202 1277 239 1316 eo
250 1258 294 1317 Et
306 1266 395 1318 tamen
409 1265 449 1316 est
461 1258 563 1332 aliquis
577 1259 629 1332 qui
639 1259 757 1315 uulnera
771 1258 859 1316 cruda
872 1265 1006 1328 retractet,
1017 1258 1120 1317 Scluat
1127 1267 1154 1317 et
1163 1260 1193 1317 in
1206 1277 1294 1317 mores

36 1366 38 1369 ·
139 1359 190 1398 ora
216 1342 318 1399 diruta
342 1359 412 1398 meos
435 1357 502 1397 cum
525 1339 568 1396 Ib.
595 1358 641 1414 13,
668 1357 703 1410 14
715 1358 723 1409 ;
753 1349 814 1396 tum
841 1358 875 1413 31
905 1339 983 1410 Quid
1002 1342 1167 1411 simulacra,
1187 1331 1292 1413 ferox,

140 1423 242 1480 dictis
265 1423 408 1481 incessis
433 1420 574 1479 amaris?
618 1438 685 1478 cum
707 1420 750 1478 Ib.
769 1440 822 1495 293
850 1434 897 1495 37,
918 1424 935 1477 8
961 1419 1106 1495 Carnifici
1124 1441 1182 1480 mea
1196 1421 1295 1499 flenda

34 1524 37 1527 ’
137 1510 224 1578 polest
225 1504 353 1582 fortuna
367 1503 462 1559 uideri
475 1500 513 1557 Te
526 1509 616 1559 tamen
637 1507 743 1558 estune
757 1503 843 1559 ludim
861 1520 954 1559 mersa
968 1511 1073 1576 parum
1088 1520 1156 1561 cum
1170 1503 1213 1561 Ib.
1231 1516 1257 1578 7,
1274 1504 1292 1560 8

149 1583 224 1643 Vnus
239 1584 277 1661 (et
295 1585 344 1642 hcc
365 1586 453 1658 ipsum
474 1589 514 1639 est
532 1583 644 1639 incuria
665 1580 781 1660 magna)
789 1593 936 1658 perennem
953 1582 1093 1642 Candoris
1113 1585 1223 1642 titulum
1241 1576 1318 1663 norr'

142 1667 212 1723 scirit
224 1665 278 1723 es‘se
295 1666 369 1731 mei,·
393 1667 430 1738 56
445 1662 497 1720 Ad
511 1669 542 1734 u,
558 1664 686 1738 quisquis
704 1665 729 1720 is
746 1681 781 1734 es,
795 1670 891 1722 nostra
910 1665 1030 1738 querella
1046 1665 1121 1722 redit
1133 1683 1201 1723 cum
1214 1665 1259 1724 Ib.
1276 1684 1294 1740 9

145 1746 278 1822 Quisquis
303 1747 328 1803 is
350 1752 395 1815 cst,
417 1763 482 1802 narn
504 1763 598 1802 nornen
618 1744 710 1801 adlruc
730 1751 872 1820 utcumque
892 1744 1005 1812 laceba‚·
1028 1759 1076 1820 59,
1091 1748 1131 1804 60
1148 1746 1202 1805 Tot
1219 1747 1295 1804 mala

141 1848 202 1886 sum
203 1828 329 1903 fugiens
342 1828 444 1897 tellure,
460 1832 499 1884 tot
510 1845 623 1901 aequore
634 1836 744 1900 passm,
764 1825 801 1883 Te
821 1844 924 1901 quoque
943 1834 975 1884 ut
993 1828 1097 1885 audr‘tis
1109 1837 1190 1902 posse
1209 1828 1297 1886 dolere

134 1918 230 1985 putem
245 1926 312 1967 cum
327 1907 369 1965 Ib.
388 1920 456 1980 205,
473 1909 490 1964 6
510 1907 541 1964 T
535 1915 562 1965 et
573 1909 626 1966 libi
637 1926 687 1964 uae
701 1908 799 1964 misero
813 1912 921 1964 uenient
935 1908 1051 1983 talesque
1064 1911 1174 1966 ruinae*
1185 1909 1220 1968 Vt
1236 1910 1300 1985 cogi

142 1993 173 2048 in
194 1991 328 2047 locrr'raas
348 2007 389 2046 me
408 2008 511 2064 quoque
525 2000 604 2064 passe
619 1995 710 2063 putem
720 2009 735 2055 ,·
762 1990 799 2062 63
814 1987 897 2064 Ergo
917 1991 1071 2064 quicunque
1088 2009 1124 2061 es,
1146 1992 1298 2048 rescindere

141 2091 270 2130 carmina
285 2071 350 2141 noli,
359 2069 454 2146 Deque
460 2073 554 2146 graui
564 2071 652 2127 duras
666 2071 779 2127 uulnere
792 2071 853 2128 tolle
866 2088 974 2129 manus.
1007 2071 1090 2145 thue
1104 2074 1297 2151 manufirmam

142 2159 251 2212 tenuent
269 2151 374 2210 obliuia
395 2153 499 2227 culpae,
513 2151 605 2209 Facta
625 2153 778 2209 creatricem
801 2152 896 2209 ducere
916 2158 1013 2209 nostra
1030 2154 1090 2210 sine
1108 2153 1296 2229 cumIb.13.

142 2235 179 2293 In
200 2234 327 2293 eundem
350 2234 456 2309 scripta
471 2243 523 2304 est,
539 2242 570 2290 ut
584 2233 707 2302 uidetur,
724 2232 811 2291 Trist.
827 2233 862 2291 iv,
880 2252 896 2307 9
912 2232 952 2291 Sr‘
963 2235 1027 2291 licet
1037 2237 1186 2308 etpatercs,
1200 2253 1296 2293 namen

130 2318 306 2396 facinusque
320 2314 417 2387 tacebo,
432 2316 463 2372 in
478 2333 536 2399 qua
551 2314 654 2373 eadem
670 2313 727 2372 fere
744 2314 891 2372 minitatur
906 2314 1031 2374 Ouidius
1051 2333 1127 2391 quae
1146 2316 1176 2374 in
1193 2315 1295 2389 Ibide;

142 2398 214 2456 ct8
239 2396 342 2454 Induel
362 2397 468 2474 c'rrsclix
490 2415 573 2453 arma
596 2402 689 2453 coacta
712 2396 788 2453 dolor
817 2413 885 2453 cum
913 2394 957 2454 Ib.
976 2414 1012 2454 10
1038 2394 1123 2472 Cogit
1143 2399 1297 2456 inassuetas

142 2497 247 2536 sumere
261 2478 314 2535 tela
328 2496 449 2546 manus,·
476 2495 572 2551 21-32
589 2476 649 2535 Ibit
666 2478 707 2534 ad
724 2495 855 2547 occasum,
873 2479 1010 2552 quidquid
1025 2479 1153 2549 dicemus,
1171 2479 1207 2537 ab
1225 2486 1297 2537 ertu.

147 2561 237 2618 Testis
247 2566 273 2616 el
279 2559 432 2635 Hesperiae
445 2560 520 2616 uocis
534 2559 612 2616 Eous
625 2561 686 2616 erit.
715 2557 746 2614 T
739 2577 810 2616 rans
820 2578 867 2634 ege
877 2560 1010 2630 tellurem,
1020 2565 1101 2617 trans
1111 2562 1184 2618 altas
1194 2561 1299 2619 audiar

142 2643 242 2712 undas,
256 2640 301 2699 Et
307 2642 428 2717 gemitus
442 2660 503 2700 uox
516 2647 557 2698 est
568 2641 786 2717 magnasutura
800 2642 859 2697 mei.
894 2638 955 2709 Nec
966 2647 1049 2698 tuate
1062 2648 1163 2699 sentem
1177 2649 1298 2700 tanturn-

144 2725 219 2781 modo
235 2725 345 2781 saecula
359 2725 462 2781 nuent.
505 2721 659 2797 Perpetuae
671 2726 775 2779 crimen
786 2723 957 2796 posteritatis
978 2723 1042 2780 eres.
1083 2720 1149 2780 Iam
1157 2726 1250 2801 feror
1267 2726 1299 2781 in

137 2816 261 2882 pugnas,
282 2812 310 2861 et
327 2806 446 2862 nendum
468 2823 572 2862 cornua
593 2805 720 2879 sumpsr‘,·
748 2802 809 2860 Nec
834 2804 908 2860 milri
928 2803 1056 2861 sumendi
1072 2823 1158 2862 causa
1177 2807 1218 2862 sit
1235 2805 1298 2863 ulla

144 2888 235 2943 uelim.
281 2884 384 2944 Circus
396 2885 488 2943 adhuc
501 2892 594 2955 cessat,
608 2887 722 2961 spargit
738 2892 828 2941 tamen
846 2902 911 2942 acer
923 2885 1055 2942 harenam
1074 2884 1189 2944 laurus
1209 2893 1236 2944 et
1254 2888 1298 2944 in·

134 2969 211 3046 sesto
226 2968 283 3024 iam
294 2967 358 3041 pede
366 2968 466 3041 pulsat
476 2967 599 3023 humum.
642 2965 706 3023 Hoc
719 2984 821 3040 queque
838 2984 921 3039 quam
941 2967 1022 3023 uolui
1032 2967 1101 3041 plus
1121 2975 1166 3024 est.
1211 2966 1296 3039 Cane,

144 3046 246 3119 Musa,
260 3054 388 3122 receptus,
399 3047 478 3105 Dum
493 3049 557 3105 licet
567 3049 633 3104 leur'c
646 3066 741 3104 nornen
754 3047 931 3104 dessr'rnulare
943 3065 1033 3118 suum,
1049 3065 1116 3105 cum
1131 3048 1175 3106 Ib.
1188 3067 1205 3119 4
1209 3063 1298 3123 5-54.

144 3129 280 3205 Denique
302 3128 390 3187 Trist.
409 3147 434 3187 v.
453 3131 470 3184 8
494 3129 525 3186 in
546 3128 613 3186 Ibin
635 3128 800 3204 composita
820 3138 864 3186 est
884 3126 952 3186 Neu
973 3128 1037 3185 adeo
1057 3129 1148 3200 cecidi,
1169 3132 1299 3203 quamuis

144 3211 272 3281 abiectus,
287 3217 320 3266 ut
338 3211 420 3288 r‘rrsra
443 3209 481 3267 Te
501 3229 603 3285 queque
622 3212 684 3280 scm,
700 3211 822 3287 inferrus
842 3227 893 3284 quc
914 3208 991 3266 nr'lrr'l
1007 3228 1062 3266 esse
1078 3217 1185 3284 potest,·
1207 3210 1242 3268 cs.
1262 3229 1298 3268 10

144 3292 268 3368 Inposita
286 3292 397 3350 calcas
414 3293 488 3366 qued
497 3293 633 3369 meafata
643 3293 708 3367 pede
721 3308 788 3348 cum
803 3290 847 3349 Ib.
861 3309 915 3365 29;
939 3303 974 3363 37
996 3291 1078 3365 thue
1092 3309 1139 3367 ego
1153 3299 1177 3349 te
1190 3293 1298 3350 uideam

145 3394 230 3432 causa
247 3375 385 3450 grauiore
393 3375 535 3451 fugatum
556 3391 624 3432 cum
646 3372 688 3430 Ib.
707 3391 837 3447 22,113.
880 3372 978 3429 Etiam
998 3373 1072 3430 inter
1091 3372 1239 3449 Epistulas
1261 3392 1298 3433 ex

145 3454 242 3515 Ponto
263 3473 323 3523 una
344 3465 388 3513 est
413 3473 489 3531 quae
514 3473 583 3514 cum
607 3454 698 3513 modo
724 3453 891 3512 memoratis
912 3452 1053 3513 Tristium
1073 3464 1102 3513 et
1124 3473 1193 3525 cum
1214 3455 1298 3515 Ibide

144 3538 217 3595 mire
232 3537 396 3595 consentiat
409 3537 445 3594 iv.
462 3554 478 3610 3
497 3534 660 3612 Conquerar
678 3555 716 3594 an
734 3537 855 3594 seuam?
875 3545 979 3610 ponam
993 3537 1052 3594 sc'ne
1065 3538 1182 3596 mantne
1196 3555 1298 3608 namen,

145 3618 195 3676 An
209 3625 301 3675 natura
315 3620 367 3692 qui
377 3620 418 3675 trs
431 3618 555 3675 omnibus
569 3638 623 3675 esse
636 3619 743 3675 uelimr'
783 3616 905 3677 Nomine
918 3636 972 3674 nun
986 3625 1061 3690 utar,
1076 3637 1109 3676 ne
1121 3619 1301 3677 commendere

144 3700 274 3774 querella,
299 3698 510 3774 Quaeraturque
534 3700 589 3757 tibi
605 3701 728 3757 carmine
744 3699 835 3773 fama
856 3715 919 3758 meo.
962 3699 1007 3758 Cf.
1032 3713 1068 3775 ²7
1099 3701 1159 3759 Vix
1179 3701 1299 3775 equidem

144 3783 232 3852 credo,
246 3780 296 3837 sed
307 3787 333 3837 ct
345 3782 482 3838 insultare
495 3782 599 3839 tacenti
612 3780 650 3838 Tc
664 3781 738 3838 rnz'lu'
748 3800 794 3838 nec
808 3781 901 3840 uerbis
908 3783 1118 3860 parceresama
1131 3783 1220 3860 refert
1231 3799 1300 3840 cum

146 3861 189 3920 Ib.
207 3881 254 3938 29·
297 3861 366 3934 Qua
380 3861 498 3938 quidem
512 3863 543 3920 in
558 3862 680 3939 epistula
694 3862 793 3920 nescio
808 3880 847 3921 an
857 3881 919 3931 non
933 3865 964 3921 in
978 3863 1123 3921 uocabulo
1135 3863 1188 3920 r‘lzs
1201 3862 1300 3921 luserit

134 3943 296 4009 ,inimicum
310 3944 468 4020 respiciens
482 3943 512 4002 in
526 3962 614 4020 quem
627 3944 693 4002 Ibin
708 3944 829 4019 scripsit.
873 3957 951 4017 5r-4
964 3943 1067 4002 ‘Litus
1080 3945 1121 4001 ad
1130 3942 1297 4002 Euxinum’

146 4027 256 4100 siquis
280 4026 355 4082 milri
375 4026 475 4083 diceret
494 4026 564 4083 ‘ibis
585 4025 629 4082 Er
647 4032 744 4082 metues
765 4044 836 4082 arcu
857 4044 889 4081 ne
900 4027 1019 4103 serrare
1042 4022 1141 4084 Getae’
1165 4021 1207 4080 ‘I
1224 4023 1299 4082 bibe’
1334 4045 1342 4057 ‘

144 4108 282 4165 demissent
315 4111 490 4183 ‘purgantes
519 4114 628 4182 pectora
662 4125 749 4177 sucas,
787 4105 932 4180 Quidquid
961 4112 988 4162 et
1020 4108 1050 4163 in
1083 4111 1139 4164 tota
1173 4107 1301 4164 nasmlur

144 4186 321 4264 Antiqua*.’

180 4339 194 4372 *
211 4337 260 4383 Has
277 4335 383 4398 epistulas
400 4352 429 4384 ex
447 4336 561 4384 Tristibus
579 4346 602 4383 et
619 4337 676 4398 Epp.
694 4338 722 4384 de
740 4337 816 4385 Ponto
832 4337 862 4384 ad
879 4336 929 4383 Ibin
946 4334 1040 4397 scriptas
1056 4334 1125 4384 fuisse
1142 4335 1210 4384 uideo
1228 4337 1300 4386 etiam

147 4404 290 4450 Graeberum
302 4402 401 4451 iudicare
415 4405 514 4464 Qraest.
526 4402 594 4450 Ouid.
607 4418 629 4463 p.
642 4419 665 4463 x,
679 4405 758 4465 inqua
771 4405 800 4453 de
812 4403 893 4452 amicis
903 4403 985 4466 politae
996 4418 1054 4464 quor
1065 4403 1090 4452 in
1106 4402 1175 4450 exilio
1192 4403 1297 4450 nominat

147 4470 236 4529 optime
247 4468 359 4516 disseruit.
393 4468 518 4531 (Elberfeld
532 4468 614 4531 1881.)
