3038 4988
262 403 323 460 164
673 398 1022 461 COMMENTARIVS.

261 554 298 611 lu
309 554 396 626 sodes
415 571 448 609 as
468 573 487 609 a
507 555 604 611 brand.
696 558 768 610 602.
787 557 846 623 Sic,
868 555 987 611 absente
1008 565 1045 620 te,
1066 570 1120 608 nec
1140 548 1252 608 selente
1274 551 1350 607 unde
1369 561 1414 606 tua

264 643 341 681 mors
361 626 464 682 ueniat.
503 628 637 681 Precatur
660 635 691 681 ut
717 626 776 681 Ibis
801 643 851 696 per
874 626 1001 695 magicas
1025 624 1193 680 deuotiones
1219 634 1326 694 pereat.
1363 624 1414 676 ‘So

262 714 331 765 may
350 714 368 752 a
386 696 542 751 tire-brand
559 697 657 752 kindle
675 698 726 767 thy
743 696 939 767 funeral-pile!
1037 699 1107 750 603.
1125 699 1284 749 Phasiaca
1304 694 1414 761 Colcha,

263 784 321 837 quo
334 768 473 822 uocabulo
492 785 597 822 corona
613 777 641 822 et
659 767 782 822 Medeae
799 767 886 821 fuisse
903 776 931 822 et
949 777 1091 822 uenenata
1107 766 1293 834 significatur.
1343 765 1414 832 Hyg.

263 850 298 906 25
324 839 405 894 Huic
428 837 547 908 (Iasoni)
574 839 662 893 Creon
687 839 932 962 Menoeceihilius
955 854 1009 890 rer
1032 836 1197 892 Corinthius
1212 837 1314 906 filiam
1338 850 1416 888 suam

264 910 401 965 minorem
424 910 548 963 Glaucen
568 910 646 964 dedit
665 926 789 964 uxorem.
871 909 936 962 edea
960 925 1023 962 curn
1047 908 1124 961 uidit
1145 925 1175 961 se
1197 923 1268 978 erga
1292 907 1417 960 Iasonem

264 979 331 1033 bene
346 985 495 1033 merentem
516 985 599 1034 tanta
619 979 788 1034 contumelia
805 997 861 1033 esse
878 981 1005 1048 affictam
1022 995 1153 1033 eoronam
1171 995 1209 1031 eu
1225 978 1342 1031 uenenis
1350 976 1418 1047 jecit

265 1066 383 1103 auream
395 1067 510 1119 eamque
525 1052 640 1104 muneri
647 1051 805 1121 filioesuos
819 1052 903 1103 iussit
918 1066 1052 1103 nouercae
1067 1050 1143 1104 dare.
1182 1048 1291 1102 Creusa
1308 1062 1417 1100 rnunere

264 1123 373 1189 accepto
392 1137 455 1174 curn
474 1121 575 1174 Iasone
594 1126 622 1174 et
641 1122 756 1175 Creonte
777 1120 971 1190 conflagrauit.
1010 1122 1037 1173 N
1041 1119 1149 1188 aphtha
1164 1118 1325 1172 delibutam
1344 1133 1416 1171 core
1470 1126 1474 1139 ·

264 1207 332 1243 nam
350 1189 403 1244 rati
420 1200 486 1245 sunt
504 1192 670 1245 Plutarchus
687 1191 765 1245 Alex.
779 1209 852 1245 xxxv
868 1200 896 1245 et
915 1189 1017 1245 Suidas
1035 1207 1056 1243 s.
1067 1207 1094 1244 u.
1107 1189 1216 1257 Μήδεια.
1247 1185 1416 1257 (Muncker.)

265 1266 500 1324 conpressisset
519 1259 749 1330 ‘was'crushed'
768 1278 833 1316 cum
855 1260 941 1331 capiti
963 1260 1129 1315 adhaereret
1150 1259 1315 1314 immobilis.
1353 1260 1415 1311 Eur.

267 1331 345 1385 Med.
368 1346 436 1400 1190
458 1331 549 1402 Φεὺγει
573 1329 595 1384 δ’
616 1331 742 1386 ἀναστᾶσ’
764 1331 793 1385 ἐκ
814 1331 913 1401 θρόνων
933 1331 1077 1400 πυρουμένῃ
1099 1329 1210 1383 Σείουσα
1228 1331 1322 1400 χαίτην
1342 1329 1417 1397 κρᾶτά

265 1398 288 1455 τ’
301 1398 392 1454 ἄλλοτ’
403 1403 513 1469 ἄλλοσε,
525 1400 614 1472 Ῥῖψαι
631 1402 747 1456 θέλουσα
765 1401 904 1472 στέφανον·
923 1400 982 1454 ἀλλ’
999 1402 1157 1471 ἀραρότως
1173 1399 1311 1469 Σῦνδεσμα
1322 1400 1417 1469 χρυσὸς

265 1466 328 1542 εἶχε,
347 1475 399 1541 πῦρ
417 1469 440 1524 δ’
451 1472 506 1526 ἐπεὶ
525 1474 605 1541 κόμην
615 1469 737 1539 Ἐσεισε,
755 1474 857 1540 μᾶλλον
874 1471 914 1538 δὶς
930 1474 1014 1527 τόσως
1030 1469 1053 1525 τ’
1066 1472 1205 1541 ἐλάμπετο.
1245 1471 1304 1526 Sed
1322 1486 1416 1524 uerum

265 1552 360 1612 potest
384 1559 447 1597 esse
472 1559 647 1608 oonprenso.
672 1543 755 1598 ‘took
777 1543 843 1611 fire,'
864 1541 940 1613 quod
962 1543 998 1597 de
1023 1541 1117 1597 subito
1141 1541 1266 1596 incensis
1292 1538 1416 1610 usurpari

265 1612 396 1683 probauit
420 1612 556 1668 Heinsius
578 1632 612 1668 ex
634 1613 693 1667 Liu.
717 1613 787 1669 xxvi.
808 1626 850 1681 27,
870 1615 909 1668 M.
928 1613 963 1668 ix.
981 1626 1040 1682 235.
1107 1619 1211 1677 nupta
1233 1613 1343 1666 Glauce
1362 1611 1417 1664 siue

266 1686 381 1739 Creusa.
476 1687 547 1738 604.
566 1691 656 1749 pater
670 1686 771 1739 Creon.
831 1688 949 1738 domus
982 1685 1059 1752 Hyg.
1073 1695 1105 1753 25
1118 1684 1223 1737 Medea
1235 1683 1286 1736 nbi
1296 1681 1416 1750 regiam

265 1755 365 1809 ardere
384 1755 467 1823 uidit,
487 1762 568 1809 notos
585 1772 651 1808 suos
667 1773 704 1809 er
719 1756 820 1809 Iasone
836 1757 1012 1809 Mermernm
1030 1759 1058 1808 et
1074 1754 1220 1808 Pheretem
1238 1754 1380 1823 interjecit
1393 1756 1418 1804 et

262 1825 397 1896 profugit
418 1826 559 1880 Corintho.
667 1828 739 1879 605.
766 1842 860 1880 eruor
881 1824 968 1879 Nessi
991 1825 1132 1880 Centauri.
1187 1828 1277 1879 abiit.
1310 1823 1417 1877 Eodem

266 1913 352 1950 sensu
366 1896 401 1950 de
415 1897 539 1951 Hercule
552 1895 690 1950 moriente
705 1898 746 1950 M.
759 1896 794 1950 ix.
811 1897 857 1950 161
872 1897 1000 1950 Incaluit
1015 1897 1061 1949 uis
1079 1896 1132 1950 illa
1150 1896 1230 1963 nrali,
1244 1896 1418 1963 resolutaque

257 1967 390 2036 flammis
401 1968 555 2022 Herculeos
572 1966 656 2021 abiit
673 1967 730 2020 late
746 1967 851 2037 diffissa
865 1970 919 2035 per
931 1972 1020 2020 artus.
1058 1966 1234 2035 Absorptum
1251 1966 1334 2020 uenis
1347 1964 1417 2018 uirus

267 2037 413 2106 sanguinis
427 2037 502 2092 dicit.
534 2039 637 2091 Trach.
651 2038 711 2105 832,
725 2052 741 2104 3
756 2039 829 2103 Χρίει
846 2037 982 2091 δολοποιὸς
995 2037 1092 2105 ἀνάγκα
1105 2038 1212 2107 Πλευρά
1231 2035 1418 2106 προστακέντος

267 2107 318 2160 ίοῦ.
374 2111 443 2176 607,
457 2112 485 2164 8.
502 2111 712 2163 Penthiladen
724 2107 748 2161 si
761 2125 827 2162 uere
840 2108 955 2162 tradunt
969 2108 1055 2175 MSS,
1068 2105 1216 2161 uidetur‘is
1230 2124 1265 2161 ex
1279 2105 1417 2161 Penthila-

268 2178 369 2231 darum
391 2178 477 2232 fuisse
500 2178 595 2248 stirpe,
617 2178 664 2248 qui
688 2178 818 2232 Penthilo
839 2178 897 2231 filio
918 2177 1027 2232 Orestis
1046 2176 1099 2232 orti
1120 2177 1204 2232 Lesbi
1223 2176 1253 2230 in
1276 2175 1417 2246 Mitylenis

268 2247 448 2317 tyrannidem
468 2249 644 2303 exercebant.
688 2249 803 2303 Aristot.
824 2248 907 2302 Polit.
925 2267 950 2302 v.
973 2264 1006 2302 10
1026 2248 1129 2302 Πολλοὶ
1153 2248 1182 2301 δὲ
1206 2249 1248 2302 καὶ
1269 2248 1312 2301 διὰ
1337 2249 1367 2300 τὸ
1387 2246 1418 2300 εἷς

267 2320 298 2370 τὸ
318 2324 393 2384 σῶμα
413 2318 557 2386 αἰκισθῆναι
576 2322 688 2389 πληγαῖς
705 2318 870 2389 ὀργισθέντες
888 2321 912 2372 oi
929 2318 975 2387 μέν
993 2318 1143 2390 διέφθειραν
1161 2319 1186 2371 ol
1206 2319 1235 2372 δέ
1256 2319 1419 2409 ἐνεχείρησαν

268 2389 302 2453 ὡς
326 2387 502 2458 ὑβρισθέντες,
527 2389 568 2442 καὶ
590 2395 642 2444 τῶν
665 2392 724 2459 περὶ
747 2391 793 2445 τὰς
813 2389 895 2460 ἀρχὰς
916 2391 956 2443 καί
977 2392 1116 2453 βασιλικὰς
1137 2389 1297 2458 δυναστείας,
1320 2411 1375 2442 οιον
1394 2387 1419 2440 ἐν

270 2458 403 2527 Μιτυλήνη
421 2459 481 2514 τοὺς
499 2457 660 2515 Πενθαλίδας
684 2463 822 2531 Μεγακλῆς
841 2462 989 2530 περιιόντας,
1006 2460 1047 2513 καὶ
1068 2460 1209 2514 τύπτοντας
1228 2462 1286 2514 ταῖς
1307 2458 1419 2527 κορύναις

268 2529 417 2597 ἐπιθέμενος
434 2531 499 2596 μετὰ
519 2536 570 2584 τῶν
591 2530 678 2598 φίλων
698 2531 806 2598 ἀνεῖλεν,
830 2532 871 2585 καὶ
891 2530 1001 2599 ὕστερον
1022 2531 1129 2599 Σμέρδις
1150 2531 1253 2600 πληγὰς
1274 2533 1366 2592 λαβὼν
1383 2529 1419 2582 καὶ

269 2601 340 2670 παρὰ
363 2603 409 2668 τῆς
429 2602 546 2670 γυναικὸς
567 2600 732 2667 ἐξελκυσθεὶς
752 2601 905 2671 διέφθειρεν.
950 2603 990 2656 Cf.
1013 2603 1083 2656 Plut.
1107 2602 1143 2656 de
1166 2603 1276 2656 Sollert.
1299 2600 1418 2655 Animal.

268 2671 331 2740 984,
359 2670 476 2725 Conuiu.
504 2670 628 2739 Sapient.
654 2673 712 2740 163.
758 2673 816 2726 Sed
838 2675 1006 2742 Lycurgum
1021 2672 1145 2742 aliquem
1167 2671 1240 2726 inter
1261 2672 1315 2725 hos
1337 2671 1419 2725 fuisse

268 2758 327 2796 non
347 2741 463 2810 reperio.
502 2743 634 2796 Ceterum
652 2743 813 2797 Aristotelis
831 2743 944 2797 codices
965 2742 1121 2797 τενθαλίδας
1138 2745 1184 2797 uel
1202 2742 1359 2798 τεπαλίδας
1376 2759 1419 2796 ex·

269 2812 378 2879 hibent,
398 2811 474 2892 quod
496 2829 565 2867 sane
589 2813 626 2867 ad
653 2813 876 2868 Penthiladen
900 2813 1123 2868 Pentheliden
1147 2813 1351 2868 Penteliden
1371 2811 1419 2878 (sic

271 2883 347 2939 enim
366 2893 502 2952 scriptum
519 2893 562 2938 est
578 2883 606 2937 in
627 2883 716 2938 Ibidis
730 2884 885 2952 codicibus)
899 2884 1025 2954 proxime
1039 2883 1157 2939 accedit.
1195 2886 1258 2938 Iam
1277 2883 1419 2938 Penthilus

273 2954 346 3009 tilius
369 2953 508 3022 Erigones
528 2955 629 3023 (Tzetz.
649 2955 686 3009 ad
707 2953 887 3023 Lyc.1374):
913 2954 1037 3024 Erigone
1056 2965 1151 3009 autem
1169 2955 1233 3021 alia,
1254 2954 1311 3008 filia
1332 2952 1419 3020 Icarii,

270 3025 356 3094 paulo
369 3035 433 3094 post
446 3023 587 3079 inducitur
598 3024 671 3093 (613)
682 3045 688 3079 z
706 3043 761 3095 quo
775 3026 822 3080 filo
832 3025 973 3080 interdum
983 3035 1168 3080 conectuntur
1178 3024 1268 3079 Ibidis
1279 3024 1418 3079 historiae.

272 3095 401 3150 Historia
423 3112 595 3167 quamquam
619 3095 709 3165 periit,
734 3095 826 3165 potuit
853 3095 1015 3150 huiusmodi
1043 3096 1175 3165 aenigma
1197 3096 1335 3161 subesse;
1360 3093 1419 3149 talis

270 3165 319 3219 teli
339 3166 424 3235 plaga
445 3176 473 3221 te
495 3176 609 3221 maneat
628 3166 719 3236 qualis
742 3168 909 3236 Lycurgum,
930 3166 977 3236 qui
1000 3184 1064 3221 cum
1086 3184 1193 3220 nouum
1211 3183 1302 3234 genus
1325 3165 1373 3220 teli
1394 3164 1419 3216 in

271 3236 440 3305 supplicium
462 3254 573 3291 reorum
591 3237 787 3305 excogitasset,
806 3239 861 3291 hoc
883 3236 996 3307 proprio
1018 3237 1133 3291 inuento
1152 3246 1180 3291 et
1199 3236 1280 3306 quasi
1300 3236 1420 3306 quadam

265 3307 350 3377 prole
361 3324 414 3360 sua
426 3306 565 3362 extinctus
578 3317 628 3362 est.
668 3307 715 3361 Sic
730 3308 886 3378 θηρικλέους
905 3308 993 3361 τέκνον
1009 3307 1128 3362 culicem
1145 3325 1162 3361 a
1180 3306 1313 3361 Thericle
1330 3322 1421 3376 reper-

271 3385 330 3433 tam
349 3377 491 3431 uocabant
513 3387 585 3433 teste
611 3378 713 3432 Photio
730 3377 759 3431 in
783 3380 847 3434 Lex.
870 3395 891 3432 s.
902 3395 928 3433 u.
973 3378 1048 3433 Vide
1071 3380 1236 3432 Excursum.
1356 3379 1420 3430 606.

270 3449 381 3500 Milon.
421 3448 484 3502 Val.
506 3450 581 3502 Max.
603 3447 637 3503 ix
661 3464 700 3502 12.
720 3463 737 3518 9
759 3451 822 3503 Ext.
850 3449 926 3502 Milo
951 3449 1133 3516 Crotoniates,
1155 3466 1219 3502 cnm
1240 3449 1421 3518 iterfaciens

271 3532 404 3584 quercum
417 3518 448 3570 in
461 3533 531 3586 agro
540 3519 656 3573 cuneis
670 3518 801 3573 adactis
813 3518 930 3573 fissam
944 3519 1170 3589 uidissetsretus
1181 3518 1301 3587 uiribus,
1314 3518 1423 3573 accessit

269 3585 313 3637 ad
327 3602 397 3650 eom,
415 3588 582 3657 insertisque
600 3590 730 3643 manibus
746 3590 881 3644 diuellere
897 3594 1013 3644 conatus
1030 3595 1090 3645 est:
1112 3606 1185 3659 quas
1202 3589 1289 3643 arbor
1304 3589 1422 3643 excussis

270 3656 367 3710 cunn's
382 3657 414 3708 in
428 3673 510 3709 suarn
529 3665 665 3713 naturam
682 3666 814 3714 reuocata
831 3663 999 3730 compressit,
1013 3677 1130 3730 eumque
1147 3677 1210 3715 curn
1230 3665 1272 3714 tot
1283 3660 1423 3729 gymnicis

266 3724 377 3794 puna
397 3725 579 3782 lacerandum
595 3731 671 3798 feris
690 3731 830 3799 praebuit.
868 3732 939 3786 Gell.
961 3749 1004 3784 xv.
1028 3730 1067 3799 16,
1090 3731 1182 3785 Strab.
1202 3730 1263 3797 263,
1286 3732 1370 3785 Paus.
1390 3728 1421 3783 vi.

273 3809 314 3860 14.
330 3809 354 3850 2.
391 3795 465 3850 Vide
485 3799 588 3867 Mayor
606 3800 642 3854 ad
663 3803 759 3855 quen.
779 3820 803 3855 x.
820 3816 860 3856 10.
931 3803 1029 3856 fissile
1048 3800 1257 3870 ‘wedge-split.'
1294 3802 1328 3855 G.
1343 3801 1362 3854 i.
1378 3813 1423 3866 144

271 3867 351 3920 Nam
364 3868 460 3937 primi
469 3871 564 3922 cuneis
575 3871 735 3924 scindebant
738 3871 831 3940 fissile
842 3872 962 3942 lignum.
998 3874 1069 3926 Aen.
1083 3870 1118 3926 vi.
1135 3873 1182 3925 181
1196 3873 1293 3926 cuneis
1303 3877 1332 3925 et
1334 3871 1424 3942 fissile

271 3936 366 3992 robur.
473 3941 674 4004 elucemus.
713 3943 783 3996 Gell.
802 3960 846 3996 xv.
867 3942 898 3996 16
917 3943 1042 4011 Quercus
1060 3947 1154 3996 autem
1172 3944 1203 3996 in
1219 3943 1294 3996 duos
1310 3943 1424 3996 deducta

266 4011 375 4077 partes,
387 4025 450 4063 cnm
462 4009 519 4078 ille,
532 4012 744 4081 quasiperfeeto
756 4013 904 4082 quoderat
914 4014 1038 4078 conixus,
1052 4029 1154 4066 rnanns
1165 4014 1296 4080 laxasset,
1306 4017 1424 4066 cessante

272 4079 307 4131 ui
317 4079 403 4133 rediit
414 4081 446 4133 in
458 4085 602 4149 naturam,
615 4082 835 4153 manibusque
854 4083 925 4138 eius
941 4083 1083 4137 retentis
1101 4082 1308 4152 inclusisque
1326 4086 1424 4137 stricta

271 4149 362 4203 denuo
374 4155 402 4203 et
412 4149 527 4204 cohoesa
538 4152 750 4206 dilacerandum
762 4154 981 4225 leominemseris
993 4154 1135 4224 praebuit.
1226 4157 1288 4208 611.
1307 4157 1423 4207 Icarus.

274 4220 350 4288 Hyg.
364 4235 414 4288 130
425 4221 495 4275 Cum
504 4222 591 4275 Liber
596 4224 731 4292 paterae
736 4224 861 4278 domines
869 4230 938 4278 esset
945 4225 1095 4294 profectus,
1106 4229 1140 4278 ut
1150 4225 1423 4294 suomemsrnctunm

272 4292 444 4345 suauitatem
465 4297 549 4361 atoue
566 4294 770 4347 iucunditatem
789 4296 948 4363 ostenderet,
967 4296 1008 4349 ad
1022 4295 1148 4349 Icarium
1168 4300 1196 4348 et
1212 4296 1374 4364 Erigonam
1394 4295 1423 4346 in

272 4359 427 4429 nospitium
440 4363 553 4417 liberale
564 4364 688 4419 deuenit.
708 4366 746 4418 iis
760 4370 851 4422 utrem
866 4366 984 4435 plenum
999 4367 1066 4420 uini
1078 4367 1194 4422 muneri
1202 4366 1280 4420 dedit
1290 4366 1423 4433 iussitque

271 4432 350 4514 utin
362 4432 487 4501 reliquas
498 4439 591 4488 terras
597 4438 800 4505 propagarent.
832 4437 945 4490 Icarius
952 4436 1086 4506 plaustro
1098 4440 1287 4490 oneratorum
1299 4437 1423 4505 Erigone

271 4501 334 4569 stlta
358 4507 386 4556 et
405 4520 472 4559 cone
492 4505 596 4562 Maera
617 4506 648 4561 in
669 4511 775 4564 terram
797 4507 925 4563 Atticam
947 4509 988 4562 ad
1002 4510 1133 4578 pastores
1152 4508 1267 4564 deuenit
1288 4512 1317 4561 et
1333 4519 1423 4577 genus
