3082 4980
598 374 853 437 PRAEFATIO..
1271 381 1300 440 xi

145 535 252 595 macho
269 534 444 593 Philostrato
464 532 621 593 Heraclide
639 534 762 595 Pontico
772 556 780 608 ;
809 554 937 613 ususque
955 546 998 595 est
1019 536 1135 596 scholiis
1153 538 1298 596 uberrime

146 631 272 689 Tzetzae
292 638 320 686 et
340 627 497 704 Apollonii,
520 628 572 687 sed
593 638 621 687 et
642 629 743 688 Iustini
763 629 903 706 Epitoma
917 630 1010 707 Trogi
1031 631 1172 709 Pompeii
1194 633 1299 709 quibus

58 772 60 775 .
146 724 218 783 nihil
239 723 277 782 ad
298 721 431 781 historias
452 722 540 782 hasce
561 722 742 800 indagandas
764 724 859 782 utilius
881 733 933 784 est.
976 724 1064 785 Noua
1085 726 1186 784 adtulit
1208 725 1297 784 haec:

146 837 174 876 u.
194 832 252 893 305
275 816 311 876 de
333 816 515 894 Olympiade,
538 826 629 876 matre
651 817 810 876 Alexandri
832 817 943 895 Magni,
966 839 984 878 a
1005 819 1160 879 Cassandri
1181 838 1299 896 percus-

146 913 259 972 soribus
273 911 409 971 confossa
425 912 627 988 interpretatus
641 920 693 983 est,
709 912 739 970 in
755 912 837 989 quod
857 931 914 990 ego
929 932 1056 992 quoque,
1072 912 1213 982 nondum
1224 912 1300 973 lecta

147 1006 270 1066 Desselii
290 1005 487 1077 adnotatione,
509 1006 684 1065 incideram:
713 1025 741 1065 u.
763 1022 820 1084 417
844 1008 990 1066 binominis
1012 1010 1053 1067 sic
1075 1009 1200 1084 explicat
1225 1017 1299 1065 tam·

147 1118 236 1176 quam
255 1100 377 1159 alterurn
396 1118 506 1159 nomen
520 1099 585 1158 Irus
604 1111 723 1176 propter
741 1110 941 1177 paupertatem
960 1102 1113 1179 acceperit,
1129 1101 1215 1161 allato
1231 1100 1299 1160 loco

146 1214 183 1253 ex
208 1194 372 1271 Aphthonii
396 1194 663 1272 Progymnasmatis
686 1195 720 1252 iv.
748 1201 841 1253 Σκόπει
863 1201 908 1254 τὸν
926 1195 1005 1270 Ἶρον,
1027 1197 1055 1256 ὃς
1074 1199 1174 1268 Ἰθάκης
1196 1199 1244 1267 μὲν
1264 1193 1300 1252 εἷο

146 1290 256 1362 ἐγένετο,
280 1291 326 1359 τὴν
349 1290 427 1358 αὐτὴν
450 1291 479 1345 δὲ
502 1295 556 1347 τοῖς
579 1290 671 1348 ἄλλοις
693 1293 867 1349 πολίταιςόὒ
894 1294 1086 1363 μετελάμβανεν
1110 1292 1204 1361 ἄδειαν,
1231 1291 1300 1346 ἀλλὰ

69 1412 72 1416 ·
147 1388 272 1439 τοσοῦτον
286 1384 355 1459 αὐτῷ
368 1386 412 1453 τῆς
426 1384 523 1440 ἐνδείας
534 1387 636 1458 προσῆν
649 1385 683 1443 ὣς
695 1385 839 1455 μεταθεῖναι
852 1389 883 1454 τῇ
897 1387 970 1456 πενίᾳ
983 1387 1029 1455 τὴν
1042 1388 1142 1455 κλῆσιν.
1183 1385 1301 1457 Ἀρναῖος

147 1480 198 1551 γὰρ
216 1478 262 1548 τὴν
277 1478 358 1550 ἀρχὴν
374 1478 527 1550 προκληθεὶς
535 1475 605 1550 Ἰρος
621 1478 817 1550 μετωνομάζετο,
833 1482 878 1550 τὴν
893 1482 1051 1551 μετωνυμῖαν
1068 1481 1095 1535 ἐκ
1112 1483 1159 1553 τοῦ
1178 1481 1301 1555 διακονεῖν

148 1572 332 1642 κομισάμενοι
369 1588 396 1629 u.
424 1573 481 1645 467
510 1571 609 1630 locum
637 1570 800 1631 Philostrati
829 1572 866 1631 de
893 1570 1030 1631 mendIco
1059 1591 1129 1631 sene
1156 1572 1300 1649 lapidibus

148 1666 254 1724 obruto
276 1665 385 1740 primus
405 1663 519 1723 uidetur
535 1664 684 1724 citauisse:
709 1684 737 1724 u.
753 1677 812 1740 473
835 1663 981 1742 Saagur'ne
1001 1673 1083 1724 nutus
1101 1667 1188 1724 eodem
1209 1665 1299 1741 expli-

150 1759 227 1817 cauit
246 1759 283 1818 de
297 1758 444 1834 Lycaone,
459 1757 574 1836 Pelasgi
594 1759 660 1830 fili0,
676 1757 757 1818 Iouis
777 1769 893 1835 nepote,
909 1760 950 1818 sic
969 1768 1001 1817 ut
1017 1758 1199 1830 Salmoneus,
1214 1759 1299 1818 Aeoli

149 1853 232 1924 filius,
246 1853 326 1911 Iouis
340 1870 434 1928 nepos
449 1852 515 1912 Iuit:
537 1871 565 1912 u.
578 1868 636 1929 549
652 1851 800 1926 Syracosio
811 1860 903 1928 poetae
917 1853 955 1912 ad
970 1853 1183 1930 Empedoclem
1197 1853 1300 1912 retulit.

151 1948 209 2007 Sed
224 1949 296 2008 haec
310 1948 433 2021 rariora;
456 1948 509 2008 fuit
523 1949 600 2006 enim
621 1947 776 2024 plumbeus
790 1949 918 2025 ingenio,
934 1967 989 2008 nec
1004 1948 1054 2025 qui
1069 1967 1121 2024 per
1135 1948 1299 2008 doctrinam

149 2061 232 2102 suam
251 2043 280 2100 in
300 2060 379 2103 noua
397 2042 568 2119 plerumque
586 2042 743 2114 duceretur,
758 2044 867 2120 quippe
885 2061 981 2119 quem,
1000 2041 1112 2101 Iustino
1132 2061 1199 2102 cum
1219 2044 1300 2103 incu-

150 2142 250 2213 buerit,
279 2140 397 2200 historia
424 2140 471 2198 illa
498 2140 535 2200 de
565 2139 693 2199 Siritanis
722 2150 820 2200 tamen
848 2141 968 2213 latuerit,
994 2152 1136 2218 conperta
1165 2142 1254 2200 serius
1282 2160 1300 2199 a

150 2235 318 2312 Saluagnio.

192 2329 251 2390 Sed
278 2348 316 2389 ne
344 2330 402 2388 mei
430 2347 547 2407 quoque
574 2328 659 2388 laude
688 2349 740 2389 sua
765 2340 890 2401 careant,
915 2347 976 2388 non
1001 2338 1044 2389 est
1071 2330 1300 2407 praetereundus

151 2425 285 2484 Thomas
306 2423 524 2495 Vnderdowm*
545 2425 595 2503 qui
616 2435 711 2483 toturn
735 2442 853 2484 carmen
874 2425 998 2502 Anglice
1022 2425 1152 2483 uersibus
1176 2424 1301 2483 reddidit

150 2519 297 2596 ediditque
316 2537 385 2579 cum
401 2518 639 2578 adnotationibus
653 2538 678 2577 a.
697 2521 783 2595 1569.
827 2520 887 2593 Qui
906 2520 930 2577 si
951 2537 1019 2579 cum
1039 2519 1101 2577 aliis
1116 2529 1302 2595 comparetur

151 2614 201 2692 qui
216 2612 315 2673 Ouidii
334 2614 441 2691 scripta
459 2614 489 2672 in
508 2623 639 2679 nostrum
659 2631 824 2672 sermonem
844 2615 1054 2686 transtulerunt,
1070 2615 1144 2672 inter
1158 2630 1232 2689 quos
1248 2613 1302 2671 fuit

150 2717 238 2785 poeta
257 2725 390 2767 summus
409 2706 635 2784 Christophorus
655 2706 824 2779 Marlowe,†
839 2708 921 2767 cuius
940 2718 1040 2767 extant
1058 2708 1157 2768 Ouidii
1175 2708 1302 2766 Amores

151 2802 283 2879 Anglicis
310 2803 441 2862 uersibus
470 2801 523 2864 sed
549 2803 720 2879 inprospere
745 2803 883 2879 expressi,
912 2820 1004 2879 prope
1032 2803 1149 2861 unicam
1178 2802 1302 2877 gloriam

151 2906 325 2957 consecutus
339 2906 391 2956 est.
434 2896 561 2956 Libellus
576 2906 619 2956 est
634 2897 732 2968 rarior,
748 2897 934 2972 dignissimus
948 2906 1048 2955 tamen
1063 2897 1112 2972 qui
1124 2897 1288 2972 perlegatur
1293 2915 1301 2968 ;

152 2991 229 3052 adeo
243 2992 273 3049 in
287 3001 349 3051 toto
364 3009 453 3068 opere
468 2990 596 3066 perlucet
614 2991 694 3052 rudis
708 3000 737 3049 et
750 2990 906 3050 uernacula
920 2990 1095 3066 simplicitas,
1111 2990 1186 3050 adeo
1201 2990 1259 3048 acri
1274 2998 1303 3048 et

151 3085 264 3146 ardenti
284 3096 314 3145 et
337 3105 431 3161 paene
453 3084 574 3143 dixerim
595 3085 721 3160 Anglico
743 3084 812 3143 odio
833 3084 928 3143 fertur.
972 3085 1213 3160 Lectitabantque
1234 3084 1301 3141 Ibin

152 3180 242 3257 Angli
263 3199 300 3241 eo
319 3189 450 3256 tempore
470 3178 687 3255 discebantque,
702 3178 726 3237 si
746 3177 864 3255 quidem
883 3179 1032 3253 poematio
1052 3179 1159 3253 quoin
1176 3177 1302 3236 Mariam

154 3274 309 3334 Scotorum
323 3274 454 3350 reginam
469 3273 600 3332 inuectus
615 3281 659 3331 cst
675 3274 797 3349 scriptor
812 3272 929 3349 ignotus
943 3273 973 3329 ln
988 3271 1105 3330 Froudii
1120 3270 1198 3331 HIst.
1213 3271 1302 3348 Angl.

152 3386 178 3428 c.
194 3371 232 3441 48
247 3378 276 3427 et
289 3369 385 3444 ipsum
400 3385 517 3426 carmen
536 3366 709 3425 nominatim
724 3367 822 3426 citauit
838 3375 868 3425 et
886 3366 976 3424 multa
990 3385 1027 3425 ex
1041 3384 1077 3424 eo
1092 3365 1219 3424 imitatus
1233 3369 1302 3435 esti

152 3463 250 3522 EtIam
270 3463 300 3520 in
320 3462 470 3521 PemuInIs
484 3461 566 3521 Indis
585 3460 721 3521 inuentus
735 3472 778 3531 est
798 3462 848 3537 qui
864 3459 1024 3521 Ouidianas
1044 3460 1100 3518 iras
1119 3460 1301 3536 exprimeret,

152 3557 250 3634 Diego
271 3555 371 3614 MexIa
391 3554 545 3627 LImensis,
567 3573 665 3632 aquo
687 3557 748 3615 Ibis
770 3555 932 3633 Hispanice
953 3574 1037 3614 uersa
1058 3555 1164 3631 prodiit
1186 3554 1303 3631 HIspali

156 3654 242 3710 1608.

194 3743 356 3820 §Tandem
383 3745 413 3802 in
441 3742 608 3821 Delphinati
637 3742 748 3804 Galliae
776 3763 847 3822 agro
876 3753 993 3804 exortus
1022 3753 1066 3804 est
1093 3743 1137 3802 uir
1164 3743 1303 3820 singulari

187 3882 202 3916 *
220 3879 281 3928 Ouid
298 3880 333 3928 his
349 3880 463 3928 invective
479 3880 568 3943 against
587 3880 640 3928 Ibis.
673 3880 809 3928 Translated
829 3881 880 3928 into
898 3879 994 3945 English
1014 3881 1112 3935 Meeter,
1130 3878 1264 3927 wherennto
1283 3881 1303 3926 Is

153 3947 227 3994 added
238 3948 270 4008 by
281 3946 322 3993 the
333 3945 474 4006 Translator,
487 3960 500 3992 a
517 3946 581 3993 short
598 3945 696 4010 draught
711 3949 739 3994 of
753 3948 782 3994 all
795 3947 834 3994 the
846 3948 926 3993 stories
938 3946 984 3993 and
996 3947 1052 3993 tales
1064 3946 1194 4006 contayned
1206 3945 1303 4001 therein,

153 4028 209 4074 very
220 4013 323 4073 pleasant
334 4021 360 4059 to
371 4013 400 4059 be
408 4013 472 4071 read.
1270 4016 1272 4019 '

186 4078 205 4132 †
223 4077 321 4140 Legerat
336 4077 373 4125 hle
387 4077 438 4123 lbln
453 4084 478 4123 ut
490 4077 574 4124 docent
585 4092 662 4125 uersus
674 4076 722 4124 eins
733 4077 897 4125 Tamburlairre
910 4077 941 4126 iv.
955 4090 969 4138 3
984 4076 1006 4122 A
1020 4077 1104 4123 sacred
1112 4091 1162 4123 vow
1173 4085 1196 4122 to
1208 4076 1303 4124 Heaven

154 4144 203 4192 and
212 4143 261 4191 tim
271 4144 288 4189 I
298 4143 364 4191 make
376 4142 524 4207 Cortfirmt'ng
534 4142 553 4188 ir
562 4144 617 4190 witlr
628 4141 684 4190 Ibis'
696 4143 750 4202 lroly
760 4158 835 4190 nume.

186 4210 203 4265 ss
219 4210 282 4256 Now
292 4208 327 4255 all
337 4208 374 4256 tlte
384 4224 443 4255 woes
454 4209 504 4254 that
515 4208 578 4256 Ouid
588 4211 612 4256 in
623 4209 677 4255 Ibin
691 4209 743 4255 Into
758 4209 794 4254 lris
807 4215 882 4270 pretty
894 4207 951 4254 little
962 4205 1018 4253 book
1029 4207 1072 4253 did
1083 4206 1157 4262 write,
1169 4215 1214 4255 etc.
1250 4208 1303 4254 Hoc

154 4274 212 4322 mihi
224 4275 334 4322 indicauit
345 4275 432 4320 amicus
444 4274 590 4329 Balliolensis,
603 4274 641 4320 W.
653 4274 684 4321 H.
696 4274 787 4320 Forbes.

188 4345 202 4398 ξ
221 4340 256 4387 De
273 4340 321 4386 uita
339 4339 454 4403 Saluagnii
471 4339 548 4386 omnia
564 4339 656 4402 collegit
673 4339 779 4385 Alfredus
793 4340 821 4385 de
834 4337 970 4384 Terrebasse
988 4338 1011 4384 in
1029 4337 1104 4384 libello
1118 4337 1182 4384 edito
1196 4338 1303 4402 Lugduni

157 4404 227 4466 1850.
261 4404 369 4452 RelatIon
386 4407 425 4451 des
442 4405 575 4465 principaux
592 4406 740 4470 &vehemente
756 4403 786 4450 de
802 4404 823 4450 la
836 4405 872 4451 vie
884 4405 912 4450 de
923 4404 1029 4467 Salvaing
1041 4405 1069 4450 de
1081 4404 1190 4459 Boissieu,
1202 4404 1303 4451 Premier

154 4471 272 4521 Prdsldent
284 4485 312 4519 en
323 4471 345 4517 la
358 4470 473 4519 Chambre
485 4471 524 4517 des
535 4471 646 4529 Comptes
658 4469 686 4516 de
698 4468 826 4529 Dauphine.
