3082 4980
266 443 353 502 xxxvi
669 441 996 502 PROLEGOMENA.

265 600 422 672 ἀνιχνεῦσαι,
437 600 505 669 ὅμως
519 598 540 656 δ’
556 597 602 655 οὖν
615 601 641 658 e's
654 604 738 656 κοῖτον
753 601 892 673 τρεπομένη
906 600 979 655 λούει
998 622 1026 654 τε
1044 603 1169 670 πρότερον
1182 598 1272 667 ἑαυτὴν
1285 599 1328 651 καὶ
1347 597 1423 652 ε’κκα-

266 682 356 754 θαίρει.
399 680 477 739 Nam
498 690 529 739 ut
550 690 594 739 est
614 681 810 751 uoracissima,
830 699 892 739 non
913 681 996 757 aquis
1016 689 1129 738 tantum
1150 687 1179 736 et
1199 677 1355 754 paludibus
1377 678 1423 736 in·

266 762 373 821 cedens
387 762 482 838 pisces
496 779 640 838 ranasque
654 772 683 821 et
697 781 771 839 quae
785 762 888 821 limum
902 763 1033 821 incolunt
1046 761 1180 830 absumit,
1195 760 1247 819 sed
1261 769 1289 817 et
1303 759 1423 818 uiarum

266 843 433 920 quisquilias
455 851 483 900 et
503 843 691 902 macellorum
711 854 923 919 purgamenta:
945 852 977 901 ut
996 861 1110 918 semper
1128 841 1237 917 aliquid
1252 858 1358 899 uorare
1374 839 1423 898 uel

266 923 348 1001 quod
368 933 451 982 uoret
471 923 567 982 rimari
588 924 727 984 uideatur.
770 925 883 983 Aelian.
900 924 939 983 H.
954 924 990 982 A.
1006 943 1033 981 x.
1048 943 1084 999 ²9
1099 927 1322 997 Πολυβορώτοτον
1336 923 1366 978 ὃν
1380 923 1423 977 καὶ

266 1009 483 1079 κακοβορώτατον.
506 1005 599 1064 Strab.
617 1009 674 1081 823
693 1006 729 1065 de
748 1006 926 1066 Alexandria
943 1006 1069 1081 loquens
1084 1003 1266 1078 ‘Hpepdmrov
1284 1005 1306 1058 δ
1322 1004 1337 1073 ἡ
1358 1001 1421 1073 ἶβις,

266 1088 434 1160 πελαργώδης
446 1088 492 1158 μὲν
506 1089 568 1143 κατὰ
582 1092 671 1160 σχῆμα
684 1090 724 1144 καὶ
737 1090 853 1162 μέγεθος,
868 1089 938 1159 διττὴ
953 1090 981 1143 δὲ
994 1089 1040 1158 τὴν
1052 1090 1141 1160 χρόαν,
1153 1087 1168 1156 ἡ
1183 1088 1229 1154 μὲν
1241 1086 1422 1158 πελαργῶδηι,

267 1168 283 1239 ἡ
308 1169 335 1223 δὲ
359 1169 407 1237 ὅλη
431 1169 545 1239 μέλαινα.
579 1170 661 1241 μεστὴ
687 1169 708 1224 δ’
729 1172 813 1225 αὐτῶν
833 1172 923 1225 ἅπασα
942 1169 1042 1243 τρίοδος
1062 1171 1091 1224 ἐν
1108 1165 1295 1239 Ἀλεξανδρείᾳ,
1316 1169 1352 1236 πῆ
1375 1167 1424 1236 μὲν

267 1250 409 1321 χρησίμως,
424 1253 459 1319 πῆ
478 1250 501 1304 δ’
516 1251 546 1304 οὗ
565 1252 707 1323 χρησίμως·
728 1250 864 1325 χρησίμως
881 1253 927 1323 μὲν
940 1251 980 1307 ὅτι
996 1255 1047 1307 πᾶν
1060 1251 1148 1321 θηρίον
1162 1249 1260 1321 ἐκλέγει
1278 1250 1320 1302 καὶ
1340 1251 1373 1302 τὰ
1394 1248 1423 1302 ἐν

267 1334 322 1387 τοῖς
340 1331 505 1404 κρεοπωλίοις
523 1333 563 1386 καὶ
583 1335 637 1389 τοῖς
653 1333 816 1404 ὄψοπολίοις
833 1333 1040 1405 ἀποκοθόρματα·
1061 1330 1231 1403 δυσχρήστως
1245 1330 1281 1399 δὲ,
1295 1329 1337 1384 ὅτι
1350 1352 1422 1397 παμ-

268 1410 354 1484 φάγον
374 1413 415 1467 καὶ
434 1412 575 1485 ἀκάθαρτον
597 1415 637 1468 καὶ
658 1416 793 1470 δυσκόλως
814 1415 998 1486 ἀπειργόμενον
1018 1413 1068 1469 ἀπὸ
1089 1417 1139 1467 τῶν
1159 1412 1285 1483 καθαρίων
1305 1412 1347 1465 καὶ
1370 1415 1424 1465 τῶν

268 1494 412 1566 ἀλλοτρίων
434 1496 572 1564 μολυσμοῦ
594 1496 697 1551 πόντος.
740 1493 804 1552 Nec
828 1494 886 1552 ulla
909 1512 955 1552 res
979 1492 1159 1552 constantius
1183 1489 1286 1549 tradita
1312 1499 1357 1548 est
1383 1491 1422 1548 ab

269 1574 394 1648 antiquis
419 1591 506 1648 quam
535 1574 606 1631 ibin
635 1593 756 1634 uorare
784 1584 971 1652 serpentes,
1024 1573 1115 1647 Quod
1139 1573 1192 1630 etsi
1220 1570 1300 1628 nullo
1327 1571 1423 1629 modo

268 1663 364 1731 potest
388 1672 452 1713 esse
476 1673 586 1726 uerum,
611 1666 643 1714 ut
667 1675 704 1714 ex
729 1657 907 1715 curatissima
930 1656 1116 1732 inquisitione
1141 1653 1297 1728 Sauignius
1323 1653 1423 1724 euicit,

269 1736 344 1795 adeo
365 1736 568 1812 peruulgatum
589 1747 633 1795 est
653 1747 685 1794 ut
706 1757 724 1796 a
747 1739 892 1814 plerisque
914 1740 1080 1797 etiamnunc
1106 1753 1159 1812 pro
1178 1752 1249 1793 uero
1270 1734 1424 1792 habeatur.

269 1816 348 1876 Nulli
369 1836 431 1876 non
455 1819 581 1877 innotuit
601 1818 698 1877 fabula
718 1819 766 1877 illa
787 1819 932 1878 Herodoti
955 1820 982 1878 ii.
1007 1833 1054 1894 75,
1079 1820 1125 1892 76,
1147 1834 1210 1874 esse
1235 1816 1265 1872 in
1289 1815 1424 1873 confinio

269 1899 396 1957 Arabiae
420 1908 449 1957 et
470 1898 596 1977 Aegypti
620 1901 718 1961 locum
742 1902 821 1960 iuxta
845 1902 946 1959 urbem
971 1900 1048 1959 Buto
1073 1899 1121 1958 ubi
1145 1900 1263 1957 ineunte
1288 1915 1359 1955 uere
1385 1915 1423 1955 ex

269 1980 377 2038 Arabia
390 1980 523 2039 uolantes
537 1991 684 2057 serpentes
703 2001 770 2041 cum
789 1983 884 2041 ibibus
903 1982 1079 2058 confligant;
1101 1999 1119 2039 a
1140 1980 1245 2057 quibus
1266 1979 1336 2055 quia
1358 1978 1425 2035 uin-

270 2072 372 2119 cantur
395 2061 456 2119 ibin
478 2062 552 2120 inter
573 2064 734 2139 Aegyptios
756 2082 866 2140 magno
890 2064 921 2121 in
946 2064 1058 2122 honore
1079 2080 1151 2120 esse.
1193 2059 1269 2118 Eam
1290 2059 1425 2117 fabulam

269 2143 466 2218 repetiuerunt
487 2141 591 2202 Cicero
613 2145 649 2203 de
671 2144 709 2203 N.
728 2144 766 2203 D.
787 2146 805 2204 i.
823 2164 890 2218 101,
912 2145 1022 2203 Plinius
1043 2143 1082 2202 H.
1105 2143 1142 2201 N.
1164 2161 1191 2201 x.
1210 2155 1257 2216 75,
1279 2140 1424 2199 Aelianus

271 2223 312 2281 H.
332 2223 368 2280 A.
389 2223 417 2281 ii.
438 2226 476 2297 38
498 2223 557 2296 fin,
578 2225 676 2284 Amm.
698 2226 790 2288 Marc.
810 2228 877 2285 xxii.
901 2241 946 2300 15.
970 2229 1016 2297 26,
1039 2225 1156 2285 Solinus
1176 2242 1205 2299 p.
1226 2227 1293 2281 162.
1315 2240 1352 2294 14
1375 2222 1424 2281 ed.

271 2304 449 2363 Mommsen.
493 2304 676 2381 Serpentium
691 2325 828 2367 uoracem
842 2309 903 2366 ibin
918 2308 1050 2367 dixerunt
1064 2306 1152 2365 Diod.
1167 2307 1184 2363 i.
1198 2308 1245 2378 87.
1258 2307 1286 2375 6,
1300 2303 1425 2379 Ioseph.

271 2386 369 2462 Antiq.
391 2386 418 2445 ii.
436 2405 482 2457 ιο,
505 2386 573 2446 Mel.
594 2388 637 2448 iii.
653 2392 699 2460 81,
723 2389 824 2448 quen.
846 2408 891 2450 xv.
914 2409 940 2462 3,
961 2388 1072 2447 Aelian.
1095 2387 1135 2446 H.
1154 2387 1191 2444 A.
1212 2405 1240 2444 x.
1262 2405 1298 2460 ²9
1321 2386 1373 2462 qui
1395 2394 1426 2443 et

271 2468 403 2542 scorpios
425 2468 462 2525 ab
484 2485 519 2526 ea
540 2469 655 2528 comedi
676 2471 769 2538 tradit,
787 2471 888 2529 Amm.
900 2469 990 2528 Marc.
1007 2471 1073 2529 xxii.
1093 2483 1137 2542 15.
1155 2471 1201 2539 26,
1220 2466 1337 2525 Solinus
1357 2468 1426 2525 162.

275 2568 308 2607 ιι
330 2548 373 2606 Μ.
398 2547 486 2608 Circa
506 2551 610 2608 easdem
632 2553 711 2627 ripas
732 2553 789 2610 ales
809 2560 849 2611 est
868 2554 928 2610 ibis.
957 2571 988 2609 ια
1010 2552 1175 2626 serpentium
1193 2549 1349 2624 populatur
1371 2567 1427 2606 oua

267 2631 513 2708 gratissimamque
529 2652 568 2691 cx
585 2633 631 2691 lu's
650 2652 737 2691 escum
757 2636 833 2692 nidis
852 2637 912 2692 suis
933 2634 1040 2710 desert:
1061 2634 1103 2690 sic
1116 2637 1264 2690 rarescunt
1270 2637 1428 2704 prouentus

260 2714 376 2790 fetuum
395 2715 562 2770 noxiorum:
588 2733 662 2790 quos
680 2714 763 2774 locos
777 2716 926 2791 congessit
940 2715 1095 2791 Sauignius
1115 2732 1164 2789 pp.
1184 2731 1250 2783 101,
1268 2731 1283 2768 a
1305 2721 1334 2770 et
1356 2721 1427 2789 post

271 2810 340 2852 eum
354 2791 460 2869 Mayor
474 2794 512 2852 ad
526 2794 627 2854 quen.
643 2814 688 2854 xv.
704 2815 730 2870 3.

314 2873 418 2951 Neque
432 2876 574 2934 uoracitas
589 2878 684 2936 solum
698 2887 727 2936 et
741 2896 815 2954 quae
830 2878 967 2938 cumbae
982 2877 1168 2952 coniungitur
1186 2875 1362 2934 creberrima
1380 2877 1428 2934 sui

271 2957 407 3034 purgatio
422 2955 451 3015 in
469 2957 552 3016 Ibide
567 2959 660 3018 notari
674 2969 796 3034 poterat.
838 2959 918 3018 Nam
933 2970 961 3018 et
975 2960 1091 3017 incessu
1108 2957 1160 3016 fuit
1178 2958 1258 3015 lento
1276 2966 1307 3015 et
1326 2974 1427 3031 paene

271 3037 405 3113 uirginali
420 3035 495 3118 (Ael.
512 3038 551 3098 H.
567 3037 603 3099 A.
619 3041 646 3099 ii.
660 3040 711 3118 38)
726 3050 757 3098 ut
775 3059 858 3101 crura
872 3040 993 3117 singulis
1007 3040 1141 3116 passibus
1156 3039 1285 3098 cubitum
1300 3038 1378 3097 inter
1394 3057 1427 3098 se

272 3120 470 3179 dimetirentur
485 3119 562 3199 (Ael.
578 3141 605 3181 x.
622 3120 682 3201 29),
697 3131 726 3180 et
739 3122 835 3197 pullos
855 3123 975 3199 gignere
987 3118 1075 3181 'coitu
1096 3139 1147 3196 per
1168 3138 1203 3179 os
1220 3119 1298 3178 facto
1320 3120 1427 3179 crede-

272 3202 357 3260 batur
376 3201 452 3282 (Ael.
467 3222 495 3261 x.
513 3223 549 3277 29
568 3202 699 3278 μίγνυνται
720 3206 749 3259 δὲ
768 3209 822 3264 τοῖς
842 3205 955 3277 στόμασι
976 3206 1016 3259 καὶ
1035 3205 1243 3260 παιδοποιοῦνται
1263 3206 1309 3258 τόν
1328 3204 1430 3276 τρόπον

272 3290 371 3353 τοῦτον,
393 3283 492 3342 Αιιιιῐι.
512 3283 754 3358 Marc.xxii.15.
774 3287 811 3343 26
828 3295 880 3360 per
900 3291 993 3344 rostra
1004 3286 1087 3363 fetus
1106 3284 1181 3340 edere
1201 3283 1376 3363 accepimus),
1399 3295 1430 3343 et

273 3363 433 3423 diutissime
460 3365 551 3423 uitam
579 3365 739 3441 producere
768 3363 844 3446 (Ael.
866 3386 893 3425 x.
918 3367 968 3443 ιο)
996 3376 1025 3424 et
1052 3366 1188 3423 intestino
1217 3383 1282 3424 esse
1310 3376 1430 3442 praeter

273 3444 396 3503 modum
417 3445 531 3522 prolixo
546 3446 720 3526 (nonaginta
742 3465 793 3505 sex
814 3447 978 3507 cubitorum
1000 3446 1097 3524 prodit
1111 3447 1250 3505 Aelianus
1269 3466 1297 3504 x.
1315 3445 1383 3525 29),
1399 3459 1429 3508 et

273 3544 341 3585 cum
357 3526 442 3584 Luna
456 3526 603 3602 quendam
616 3526 723 3586 habere
737 3528 896 3587 naturalem
914 3546 1101 3601 consensum,
1117 3528 1197 3604 quod
1216 3529 1373 3587 obscurata
1394 3549 1431 3590 ea

273 3607 422 3665 coniueret
436 3606 532 3666 donec
546 3609 577 3666 in
591 3607 711 3684 plenum
726 3611 828 3669 orbem
841 3619 1031 3669 reuerteretur
1041 3610 1118 3688 (Ael.
1130 3630 1157 3668 x.
1172 3607 1231 3686 29),
1242 3620 1271 3667 et
1284 3628 1321 3668 ex
1336 3622 1430 3671 auctu

274 3688 336 3746 eius
360 3687 408 3745 uel
433 3687 624 3748 diminutione
649 3690 747 3748 cibum
771 3703 889 3767 augeret
914 3693 960 3750 uel
985 3692 1157 3750 diminueret
1179 3691 1220 3771 (ii.
1243 3687 1303 3765 3¹5),
1326 3702 1357 3750 et
1384 3703 1431 3753 tot

274 3769 377 3827 diebus
391 3768 486 3844 pullos
501 3771 566 3829 ouis
580 3769 746 3830 excluderet
766 3783 838 3848 quot
856 3792 892 3832 ea
911 3783 1052 3832 cresceret
1070 3780 1291 3848 senesceretque
1306 3769 1347 3850 (x.
1367 3775 1431 3854 29).

275 3850 360 3909 Haec
375 3850 570 3911 Callimachus
584 3863 616 3911 ut
630 3863 690 3911 erat
705 3854 735 3911 in
748 3855 846 3912 auium
860 3864 962 3913 natura
976 3853 1142 3929 indaganda
1156 3855 1294 3923 curiosus,
1309 3855 1432 3932 scripsit

273 3933 353 3991 enim
370 3932 474 3991 librum
488 3938 547 4006 περὶ
561 3933 681 4008 ὀρνέων,*
697 3946 746 3994 aut
760 3936 861 3995 omnia
874 3945 924 3995 aut
940 3945 1052 4012 partem
1073 3936 1253 3994 adhibiturus
1274 3946 1344 4005 erat,
1366 3956 1431 4014 quo

273 4015 387 4092 plenius
405 4014 436 4071 in
455 4032 510 4073 aue
527 4015 677 4075 inimicum
691 4017 884 4076 insectaretur.
927 4016 987 4087 Qui
1002 4019 1135 4093 quamuis
1150 4015 1318 4075 foeditatem
1333 4022 1432 4094 potis-

274 4098 381 4156 simum
395 4096 457 4155 auis
470 4096 628 4169 incesserit,
643 4098 672 4156 in
686 4099 845 4175 Apollonio
860 4098 889 4157 id
903 4116 1028 4174 arguens
1042 4099 1124 4157 cuius
1137 4098 1201 4173 ipse
1216 4098 1253 4156 ab
1264 4098 1432 4173 Apollonio

274 4180 449 4256 arguebatur
459 4178 641 4257 (Καλλίμαχοι
654 4184 684 4236 τὸ
698 4177 977 4259 sesamo-idque
991 4179 1022 4237 in
1036 4180 1114 4238 ibide
1127 4179 1282 4238 insectatus
1298 4183 1384 4257 quod
1399 4186 1432 4246 in

274 4261 411 4320 omnibus
432 4261 522 4319 triuiis
543 4261 735 4321 Alexandriae
756 4262 863 4321 uidisse
885 4280 916 4320 se
937 4261 1041 4320 Strabo
1060 4269 1181 4320 testatus
1200 4271 1252 4332 est,
1266 4266 1317 4319 πᾶν
1339 4266 1435 4339 θηρίον

274 4345 431 4416 ἐκλέγουσαν
444 4346 483 4399 καὶ
497 4346 529 4398 τὰ
544 4346 570 4399 ἐν
584 4348 636 4402 τοῖς
651 4347 817 4417 κρεοπωλίοις
833 4347 873 4400 καὶ
891 4347 945 4401 τοῖς
963 4344 1126 4416 ὀψοπωλίοις
1143 4344 1434 4417 ἀποκαθάρματα-

451 4512 465 4545 *
483 4511 620 4573 Fragmenta
632 4512 723 4576 collegit
735 4512 765 4560 Ο.
777 4512 923 4561 Schneiderus
935 4512 1024 4561 Gallim.
1035 4514 1058 4562 ii.
1076 4529 1112 4574 pp.
1129 4511 1250 4577 290-296.
