<?xml version="1.0" encoding="UTF-8"?>
<!DOCTYPE html PUBLIC "-//W3C//DTD XHTML 1.0 Transitional//EN"
    "http://www.w3.org/TR/xhtml1/DTD/xhtml1-transitional.dtd">
<html xmlns="http://www.w3.org/1999/xhtml" xml:lang="en" lang="en">
 <head>
  <title>
</title>
<meta http-equiv="Content-Type" content="text/html;charset=utf-8" />
  <meta name='ocr-system' content='tesseract 3.04.00' />
  <meta name='ocr-capabilities' content='ocr_page ocr_carea ocr_par ocr_line ocrx_word'/>
</head>
<body>
  <div class='ocr_page' id='page_1' title='image "./povidiinasonisi00ovidgoog_0010.png"; bbox 0 0 3082 4980; ppageno 0'>
   <div class='ocr_carea' id='block_1_1' title="bbox 499 941 927 1036">
    <p class='ocr_par' dir='ltr' id='par_1_1' title="bbox 499 941 927 1036">
     <span class='ocr_line' id='line_1_1' title="bbox 499 941 927 1036; baseline 0.002 -2"><span class='ocrx_word' id='word_1_1' title='bbox 499 941 927 1036; x_wconf 72' lang='lat' dir='ltr'>PRAEFATIO..</span> 
     </span>
    </p>
   </div>
   <div class='ocr_carea' id='block_1_2' title="bbox 134 1168 1285 1654">
    <p class='ocr_par' dir='ltr' id='par_1_2' title="bbox 134 1168 1285 1654">
     <span class='ocr_line' id='line_1_2' title="bbox 138 1168 1284 1276; baseline -0.003 -15"><span class='ocrx_word' id='word_1_2' title='bbox 138 1168 236 1262; x_wconf 80' lang='lat' dir='ltr'>IBIN</span> <span class='ocrx_word' id='word_1_3' title='bbox 262 1199 439 1260; x_wconf 90' lang='lat' dir='ltr'>Ouidianam</span> <span class='ocrx_word' id='word_1_4' title='bbox 468 1198 517 1257; x_wconf 93' lang='lat' dir='ltr'>diu</span> <span class='ocrx_word' id='word_1_5' title='bbox 544 1198 709 1275; x_wconf 86' lang='lat' dir='ltr'><strong>neglectam</strong></span> <span class='ocrx_word' id='word_1_6' title='bbox 733 1209 765 1258; x_wconf 92' lang='lat' dir='ltr'>ut</span> <span class='ocrx_word' id='word_1_7' title='bbox 788 1217 885 1258; x_wconf 88' lang='lat' dir='ltr'>rursus</span> <span class='ocrx_word' id='word_1_8' title='bbox 909 1200 940 1257; x_wconf 94' lang='lat' dir='ltr'>in</span> <span class='ocrx_word' id='word_1_9' title='bbox 964 1199 1061 1258; x_wconf 91' lang='lat' dir='ltr'>lucem</span> <span class='ocrx_word' id='word_1_10' title='bbox 1086 1182 1284 1276; x_wconf 84' lang='lat' dir='ltr'>protraherem</span> 
     </span>
     <span class='ocr_line' id='line_1_3' title="bbox 135 1287 1285 1374; baseline -0.003 -21"><span class='ocrx_word' id='word_1_11' title='bbox 135 1294 309 1374; x_wconf 90' lang='lat' dir='ltr'>ederemque</span> <span class='ocrx_word' id='word_1_12' title='bbox 324 1294 383 1354; x_wconf 89' lang='lat' dir='ltr'>fors</span> <span class='ocrx_word' id='word_1_13' title='bbox 398 1293 583 1370; x_wconf 90' lang='lat' dir='ltr'>potissimum</span> <span class='ocrx_word' id='word_1_14' title='bbox 598 1293 703 1352; x_wconf 90' lang='lat' dir='ltr'>effecit.</span> <span class='ocrx_word' id='word_1_15' title='bbox 741 1292 820 1351; x_wconf 92' lang='lat' dir='ltr'>Nam</span> <span class='ocrx_word' id='word_1_16' title='bbox 835 1293 981 1370; x_wconf 92' lang='lat' dir='ltr'>publicato</span> <span class='ocrx_word' id='word_1_17' title='bbox 997 1295 1027 1352; x_wconf 91' lang='lat' dir='ltr'>in</span> <span class='ocrx_word' id='word_1_18' title='bbox 1042 1287 1188 1354; x_wconf 90' lang='lat' dir='ltr'>Catullum</span> <span class='ocrx_word' id='word_1_19' title='bbox 1203 1311 1285 1352; x_wconf 89' lang='lat' dir='ltr'>com·</span> 
     </span>
     <span class='ocr_line' id='line_1_4' title="bbox 134 1380 1284 1463; baseline -0.003 -16"><span class='ocrx_word' id='word_1_20' title='bbox 134 1391 277 1448; x_wconf 92' lang='lat' dir='ltr'>mentario</span> <span class='ocrx_word' id='word_1_21' title='bbox 299 1388 369 1447; x_wconf 95' lang='lat' dir='ltr'>dum</span> <span class='ocrx_word' id='word_1_22' title='bbox 391 1387 566 1446; x_wconf 90' lang='lat' dir='ltr'>Bodleianas</span> <span class='ocrx_word' id='word_1_23' title='bbox 587 1405 659 1463; x_wconf 91' lang='lat' dir='ltr'>opes</span> <span class='ocrx_word' id='word_1_24' title='bbox 680 1405 824 1463; x_wconf 87' lang='lat' dir='ltr'>peruagor</span> <span class='ocrx_word' id='word_1_25' title='bbox 844 1388 933 1446; x_wconf 90' lang='lat' dir='ltr'>incidi</span> <span class='ocrx_word' id='word_1_26' title='bbox 954 1385 985 1445; x_wconf 91' lang='lat' dir='ltr'>in</span> <span class='ocrx_word' id='word_1_27' title='bbox 1007 1380 1114 1446; x_wconf 92' lang='lat' dir='ltr'>librum</span> <span class='ocrx_word' id='word_1_28' title='bbox 1137 1389 1284 1458; x_wconf 89' lang='lat' dir='ltr'>rariorem,</span> 
     </span>
     <span class='ocr_line' id='line_1_5' title="bbox 134 1481 1285 1565; baseline 0 -25"><span class='ocrx_word' id='word_1_29' title='bbox 134 1481 338 1565; x_wconf 10' lang='lat' dir='ltr'>Reperloriumy</span> <span class='ocrx_word' id='word_1_30' title='bbox 361 1481 559 1540; x_wconf 84' lang='lat' dir='ltr'><em>Vocabulorum</em></span> <span class='ocrx_word' id='word_1_31' title='bbox 582 1481 811 1557; x_wconf 74' lang='lat' dir='ltr'>Exquztmrum,</span> <span class='ocrx_word' id='word_1_32' title='bbox 838 1500 927 1558; x_wconf 94' lang='lat' dir='ltr'>quem</span> <span class='ocrx_word' id='word_1_33' title='bbox 951 1500 1030 1541; x_wconf 90' lang='lat' dir='ltr'>anno</span> <span class='ocrx_word' id='word_1_34' title='bbox 1057 1491 1134 1558; x_wconf 79' lang='lat'><strong>1²73</strong></span> <span class='ocrx_word' id='word_1_35' title='bbox 1158 1481 1285 1542; x_wconf 72' lang='lat' dir='ltr'><strong>confecit</strong></span> 
     </span>
     <span class='ocr_line' id='line_1_6' title="bbox 135 1567 1285 1654; baseline -0.003 -18"><span class='ocrx_word' id='word_1_36' title='bbox 135 1576 289 1636; x_wconf 90' lang='lat' dir='ltr'>Conradus</span> <span class='ocrx_word' id='word_1_37' title='bbox 311 1577 347 1635; x_wconf 92' lang='lat' dir='ltr'>de</span> <span class='ocrx_word' id='word_1_38' title='bbox 370 1576 456 1635; x_wconf 88' lang='lat' dir='ltr'>Mure</span> <span class='ocrx_word' id='word_1_39' title='bbox 478 1576 658 1645; x_wconf 89' lang='lat' dir='ltr'>Turicensis,</span> <span class='ocrx_word' id='word_1_40' title='bbox 681 1575 797 1634; x_wconf 91' lang='lat' dir='ltr'>saeculo</span> <span class='ocrx_word' id='word_1_41' title='bbox 820 1595 857 1634; x_wconf 87' lang='lat' dir='ltr'>xv</span> <span class='ocrx_word' id='word_1_42' title='bbox 880 1576 1035 1636; x_wconf 88' lang='lat' dir='ltr'>Bertoldus</span> <span class='ocrx_word' id='word_1_43' title='bbox 1058 1577 1178 1654; x_wconf 89' lang='lat' dir='ltr'>quidam</span> <span class='ocrx_word' id='word_1_44' title='bbox 1204 1567 1285 1634; x_wconf 91' lang='lat' dir='ltr'>Basi-</span> 
     </span>
    </p>
   </div>
   <div class='ocr_carea' id='block_1_3' title="bbox 33 1667 1286 1748">
    <p class='ocr_par' dir='ltr' id='par_1_3' title="bbox 33 1667 1286 1748">
     <span class='ocr_line' id='line_1_7' title="bbox 33 1667 1286 1748; baseline -0.003 -16"><span class='ocrx_word' id='word_1_45' title='bbox 33 1716 37 1732; x_wconf 82' lang='lat'>.</span> <span class='ocrx_word' id='word_1_46' title='bbox 134 1672 241 1730; x_wconf 91' lang='lat' dir='ltr'>leensis</span> <span class='ocrx_word' id='word_1_47' title='bbox 265 1671 340 1748; x_wconf 90' lang='lat' dir='ltr'>typis</span> <span class='ocrx_word' id='word_1_48' title='bbox 365 1670 491 1729; x_wconf 86' lang='lat' dir='ltr'><strong>excudit.</strong></span> <span class='ocrx_word' id='word_1_49' title='bbox 548 1667 608 1728; x_wconf 93' lang='lat' dir='ltr'>Hic</span> <span class='ocrx_word' id='word_1_50' title='bbox 629 1668 703 1728; x_wconf 93' lang='lat' dir='ltr'>liber</span> <span class='ocrx_word' id='word_1_51' title='bbox 728 1669 869 1746; x_wconf 91' lang='lat' dir='ltr'>disposita</span> <span class='ocrx_word' id='word_1_52' title='bbox 896 1679 976 1730; x_wconf 91' lang='lat' dir='ltr'>tenet</span> <span class='ocrx_word' id='word_1_53' title='bbox 1003 1671 1105 1730; x_wconf 87' lang='lat' dir='ltr'>ordine</span> <span class='ocrx_word' id='word_1_54' title='bbox 1128 1672 1286 1730; x_wconf 86' lang='lat' dir='ltr'>litterarum</span> 
     </span>
    </p>
   </div>
   <div class='ocr_carea' id='block_1_4' title="bbox 134 1762 1288 4480">
    <p class='ocr_par' dir='ltr' id='par_1_4' title="bbox 134 1762 1287 2671">
     <span class='ocr_line' id='line_1_8' title="bbox 135 1762 1286 1842; baseline -0.001 -19"><span class='ocrx_word' id='word_1_55' title='bbox 135 1765 256 1824; x_wconf 90' lang='lat' dir='ltr'>nomina</span> <span class='ocrx_word' id='word_1_56' title='bbox 272 1765 391 1842; x_wconf 90' lang='lat' dir='ltr'>quaein</span> <span class='ocrx_word' id='word_1_57' title='bbox 408 1763 513 1823; x_wconf 88' lang='lat' dir='ltr'>fabulis</span> <span class='ocrx_word' id='word_1_58' title='bbox 528 1762 649 1823; x_wconf 90' lang='lat' dir='ltr'>Graecis</span> <span class='ocrx_word' id='word_1_59' title='bbox 663 1762 846 1823; x_wconf 91' lang='lat' dir='ltr'>Romanisue</span> <span class='ocrx_word' id='word_1_60' title='bbox 860 1765 988 1841; x_wconf 93' lang='lat' dir='ltr'>mythica</span> <span class='ocrx_word' id='word_1_61' title='bbox 1001 1766 1159 1824; x_wconf 82' lang='lat' dir='ltr'><strong>maximam</strong></span> <span class='ocrx_word' id='word_1_62' title='bbox 1173 1774 1286 1840; x_wconf 86' lang='lat' dir='ltr'>partem</span> 
     </span>
     <span class='ocr_line' id='line_1_9' title="bbox 134 1856 1286 1935; baseline -0.002 -18"><span class='ocrx_word' id='word_1_63' title='bbox 134 1859 275 1935; x_wconf 90' lang='lat' dir='ltr'>leguntur.</span> <span class='ocrx_word' id='word_1_64' title='bbox 319 1858 474 1918; x_wconf 88' lang='lat' dir='ltr'>Accedunt</span> <span class='ocrx_word' id='word_1_65' title='bbox 494 1858 576 1933; x_wconf 84' lang='lat' dir='ltr'>ipsae</span> <span class='ocrx_word' id='word_1_66' title='bbox 597 1856 712 1916; x_wconf 89' lang='lat' dir='ltr'>fabulae</span> <span class='ocrx_word' id='word_1_67' title='bbox 734 1867 763 1916; x_wconf 93' lang='lat' dir='ltr'>et</span> <span class='ocrx_word' id='word_1_68' title='bbox 783 1857 840 1916; x_wconf 91' lang='lat' dir='ltr'>loci</span> <span class='ocrx_word' id='word_1_69' title='bbox 862 1859 967 1935; x_wconf 94' lang='lat' dir='ltr'>quibus</span> <span class='ocrx_word' id='word_1_70' title='bbox 991 1869 1149 1930; x_wconf 88' lang='lat' dir='ltr'>narrantur,</span> <span class='ocrx_word' id='word_1_71' title='bbox 1164 1858 1286 1935; x_wconf 83' lang='lat' dir='ltr'>Vergilii</span> 
     </span>
     <span class='ocr_line' id='line_1_10' title="bbox 134 1949 1286 2029; baseline -0.002 -17"><span class='ocrx_word' id='word_1_72' title='bbox 134 1953 247 2012; x_wconf 91' lang='lat' dir='ltr'>Lucani</span> <span class='ocrx_word' id='word_1_73' title='bbox 276 1952 358 2012; x_wconf 92' lang='lat' dir='ltr'>Statii</span> <span class='ocrx_word' id='word_1_74' title='bbox 390 1951 443 2011; x_wconf 90' lang='lat' dir='ltr'>sed</span> <span class='ocrx_word' id='word_1_75' title='bbox 474 1952 630 2028; x_wconf 81' lang='lat' dir='ltr'>praecipue</span> <span class='ocrx_word' id='word_1_76' title='bbox 660 1949 768 2024; x_wconf 92' lang='lat' dir='ltr'>Ouidii,</span> <span class='ocrx_word' id='word_1_77' title='bbox 801 1970 896 2029; x_wconf 93' lang='lat' dir='ltr'>neque</span> <span class='ocrx_word' id='word_1_78' title='bbox 928 1970 964 2011; x_wconf 89' lang='lat' dir='ltr'>ex</span> <span class='ocrx_word' id='word_1_79' title='bbox 996 1951 1286 2029; x_wconf 89' lang='lat' dir='ltr'>Metamorphosibus</span> 
     </span>
     <span class='ocr_line' id='line_1_11' title="bbox 134 2045 1286 2124; baseline -0.003 -16"><span class='ocrx_word' id='word_1_80' title='bbox 134 2047 230 2108; x_wconf 90' lang='lat' dir='ltr'>solum</span> <span class='ocrx_word' id='word_1_81' title='bbox 251 2057 280 2107; x_wconf 90' lang='lat' dir='ltr'>et</span> <span class='ocrx_word' id='word_1_82' title='bbox 298 2045 438 2123; x_wconf 91' lang='lat' dir='ltr'>Epistulis</span> <span class='ocrx_word' id='word_1_83' title='bbox 459 2045 520 2116; x_wconf 90' lang='lat' dir='ltr'>sed,</span> <span class='ocrx_word' id='word_1_84' title='bbox 536 2045 617 2122; x_wconf 94' lang='lat' dir='ltr'>quod</span> <span class='ocrx_word' id='word_1_85' title='bbox 637 2045 826 2119; x_wconf 89' lang='lat' dir='ltr'>rarissimum,</span> <span class='ocrx_word' id='word_1_86' title='bbox 840 2065 877 2104; x_wconf 93' lang='lat' dir='ltr'>ex</span> <span class='ocrx_word' id='word_1_87' title='bbox 896 2047 990 2106; x_wconf 90' lang='lat' dir='ltr'>Ibide.</span> <span class='ocrx_word' id='word_1_88' title='bbox 1033 2046 1118 2107; x_wconf 90' lang='lat' dir='ltr'>Haec</span> <span class='ocrx_word' id='word_1_89' title='bbox 1138 2064 1195 2124; x_wconf 89' lang='lat' dir='ltr'>ego</span> <span class='ocrx_word' id='word_1_90' title='bbox 1215 2046 1286 2106; x_wconf 90' lang='lat' dir='ltr'>dum</span> 
     </span>
     <span class='ocr_line' id='line_1_12' title="bbox 134 2140 1285 2218; baseline -0.001 -19"><span class='ocrx_word' id='word_1_91' title='bbox 134 2141 252 2218; x_wconf 87' lang='lat' dir='ltr'>perlego</span> <span class='ocrx_word' id='word_1_92' title='bbox 278 2140 405 2201; x_wconf 88' lang='lat' dir='ltr'>intellexi</span> <span class='ocrx_word' id='word_1_93' title='bbox 434 2158 482 2198; x_wconf 90' lang='lat' dir='ltr'>me</span> <span class='ocrx_word' id='word_1_94' title='bbox 505 2140 535 2197; x_wconf 90' lang='lat' dir='ltr'>in</span> <span class='ocrx_word' id='word_1_95' title='bbox 564 2157 675 2198; x_wconf 90' lang='lat' dir='ltr'>nouum</span> <span class='ocrx_word' id='word_1_96' title='bbox 701 2140 783 2216; x_wconf 85' lang='lat' dir='ltr'>quasi</span> <span class='ocrx_word' id='word_1_97' title='bbox 809 2141 998 2200; x_wconf 86' lang='lat' dir='ltr'><strong>thensaurum</strong></span> <span class='ocrx_word' id='word_1_98' title='bbox 1021 2142 1074 2200; x_wconf 89' lang='lat' dir='ltr'>iter</span> <span class='ocrx_word' id='word_1_99' title='bbox 1099 2151 1285 2218; x_wconf 72' lang='lat' dir='ltr'>penetrasse,</span> 
     </span>
     <span class='ocr_line' id='line_1_13' title="bbox 134 2233 1285 2312; baseline 0 -18"><span class='ocrx_word' id='word_1_100' title='bbox 134 2245 178 2295; x_wconf 92' lang='lat' dir='ltr'>est</span> <span class='ocrx_word' id='word_1_101' title='bbox 192 2236 270 2293; x_wconf 90' lang='lat' dir='ltr'>enim</span> <span class='ocrx_word' id='word_1_102' title='bbox 284 2236 314 2294; x_wconf 93' lang='lat' dir='ltr'>in</span> <span class='ocrx_word' id='word_1_103' title='bbox 329 2244 390 2294; x_wconf 90' lang='lat' dir='ltr'>toto</span> <span class='ocrx_word' id='word_1_104' title='bbox 405 2234 549 2311; x_wconf 89' lang='lat' dir='ltr'>opusculo</span> <span class='ocrx_word' id='word_1_105' title='bbox 562 2233 642 2293; x_wconf 90' lang='lat' dir='ltr'>rudis</span> <span class='ocrx_word' id='word_1_106' title='bbox 657 2234 804 2310; x_wconf 83' lang='lat' dir='ltr'><strong>quaedam</strong></span> <span class='ocrx_word' id='word_1_107' title='bbox 818 2235 986 2312; x_wconf 88' lang='lat' dir='ltr'>simplicitas</span> <span class='ocrx_word' id='word_1_108' title='bbox 1005 2244 1080 2312; x_wconf 86' lang='lat' dir='ltr'>quae</span> <span class='ocrx_word' id='word_1_109' title='bbox 1095 2253 1155 2312; x_wconf 93' lang='lat' dir='ltr'>quo</span> <span class='ocrx_word' id='word_1_110' title='bbox 1169 2235 1285 2311; x_wconf 92' lang='lat' dir='ltr'>longius</span> 
     </span>
     <span class='ocr_line' id='line_1_14' title="bbox 134 2327 1286 2406; baseline 0 -20"><span class='ocrx_word' id='word_1_111' title='bbox 134 2347 151 2386; x_wconf 91' lang='lat' dir='ltr'>a</span> <span class='ocrx_word' id='word_1_112' title='bbox 168 2329 317 2388; x_wconf 88' lang='lat' dir='ltr'>doctrinae</span> <span class='ocrx_word' id='word_1_113' title='bbox 334 2331 417 2389; x_wconf 89' lang='lat' dir='ltr'>abest</span> <span class='ocrx_word' id='word_1_114' title='bbox 437 2327 639 2400; x_wconf 87' lang='lat' dir='ltr'>adfectatione,</span> <span class='ocrx_word' id='word_1_115' title='bbox 654 2328 711 2387; x_wconf 92' lang='lat' dir='ltr'>hoc</span> <span class='ocrx_word' id='word_1_116' title='bbox 732 2329 826 2405; x_wconf 92' lang='lat' dir='ltr'>magis</span> <span class='ocrx_word' id='word_1_117' title='bbox 848 2329 961 2388; x_wconf 89' lang='lat' dir='ltr'>sincera</span> <span class='ocrx_word' id='word_1_118' title='bbox 981 2339 1009 2387; x_wconf 92' lang='lat' dir='ltr'>et</span> <span class='ocrx_word' id='word_1_119' title='bbox 1030 2329 1149 2406; x_wconf 89' lang='lat' dir='ltr'>antiqua</span> <span class='ocrx_word' id='word_1_120' title='bbox 1169 2339 1197 2389; x_wconf 91' lang='lat' dir='ltr'>et</span> <span class='ocrx_word' id='word_1_121' title='bbox 1218 2347 1286 2387; x_wconf 90' lang='lat' dir='ltr'>uere</span> 
     </span>
     <span class='ocr_line' id='line_1_15' title="bbox 134 2422 1287 2500; baseline -0.001 -19"><span class='ocrx_word' id='word_1_122' title='bbox 134 2422 288 2483; x_wconf 90' lang='lat' dir='ltr'>Heluetica</span> <span class='ocrx_word' id='word_1_123' title='bbox 302 2433 354 2484; x_wconf 89' lang='lat' dir='ltr'>est.</span> <span class='ocrx_word' id='word_1_124' title='bbox 396 2422 438 2482; x_wconf 90' lang='lat' dir='ltr'>Vt</span> <span class='ocrx_word' id='word_1_125' title='bbox 451 2423 541 2482; x_wconf 90' lang='lat' dir='ltr'>tribus</span> <span class='ocrx_word' id='word_1_126' title='bbox 555 2422 651 2482; x_wconf 92' lang='lat' dir='ltr'>uerbis</span> <span class='ocrx_word' id='word_1_127' title='bbox 666 2423 767 2480; x_wconf 90' lang='lat' dir='ltr'>omnia</span> <span class='ocrx_word' id='word_1_128' title='bbox 780 2423 1029 2500; x_wconf 87' lang='lat' dir='ltr'>conprehendam,</span> <span class='ocrx_word' id='word_1_129' title='bbox 1043 2425 1123 2484; x_wconf 93' lang='lat' dir='ltr'>uisus</span> <span class='ocrx_word' id='word_1_130' title='bbox 1137 2442 1202 2482; x_wconf 92' lang='lat' dir='ltr'>sum</span> <span class='ocrx_word' id='word_1_131' title='bbox 1216 2423 1287 2481; x_wconf 89' lang='lat' dir='ltr'>mihi</span> 
     </span>
     <span class='ocr_line' id='line_1_16' title="bbox 134 2516 1286 2595; baseline 0.001 -20"><span class='ocrx_word' id='word_1_132' title='bbox 134 2519 164 2575; x_wconf 93' lang='lat' dir='ltr'>in</span> <span class='ocrx_word' id='word_1_133' title='bbox 178 2527 325 2577; x_wconf 92' lang='lat' dir='ltr'>uetustum</span> <span class='ocrx_word' id='word_1_134' title='bbox 346 2516 479 2577; x_wconf 90' lang='lat' dir='ltr'>codicem</span> <span class='ocrx_word' id='word_1_135' title='bbox 500 2516 636 2577; x_wconf 88' lang='lat' dir='ltr'>incidisse</span> <span class='ocrx_word' id='word_1_136' title='bbox 657 2518 753 2593; x_wconf 90' lang='lat' dir='ltr'>operis</span> <span class='ocrx_word' id='word_1_137' title='bbox 770 2535 829 2594; x_wconf 95' lang='lat' dir='ltr'>quo</span> <span class='ocrx_word' id='word_1_138' title='bbox 852 2517 963 2576; x_wconf 92' lang='lat' dir='ltr'>nullum</span> <span class='ocrx_word' id='word_1_139' title='bbox 984 2519 1078 2595; x_wconf 91' lang='lat' dir='ltr'>magis</span> <span class='ocrx_word' id='word_1_140' title='bbox 1099 2517 1138 2577; x_wconf 93' lang='lat' dir='ltr'>ad</span> <span class='ocrx_word' id='word_1_141' title='bbox 1155 2527 1286 2578; x_wconf 90' lang='lat' dir='ltr'>uetustos</span> 
     </span>
     <span class='ocr_line' id='line_1_17' title="bbox 135 2610 523 2671; baseline 0 -3"><span class='ocrx_word' id='word_1_142' title='bbox 135 2610 231 2671; x_wconf 82' lang='lat' dir='ltr'>fontes</span> <span class='ocrx_word' id='word_1_143' title='bbox 244 2612 376 2670; x_wconf 86' lang='lat' dir='ltr'>reuocari</span> <span class='ocrx_word' id='word_1_144' title='bbox 390 2611 523 2670; x_wconf 90' lang='lat' dir='ltr'>debebat.</span> 
     </span>
    </p>

    <p class='ocr_par' dir='ltr' id='par_1_5' title="bbox 134 2704 1288 4104">
     <span class='ocr_line' id='line_1_18' title="bbox 177 2704 1286 2783; baseline -0.002 -19"><span class='ocrx_word' id='word_1_145' title='bbox 177 2705 236 2764; x_wconf 90' lang='lat' dir='ltr'>Sed</span> <span class='ocrx_word' id='word_1_146' title='bbox 249 2723 310 2764; x_wconf 94' lang='lat' dir='ltr'>non</span> <span class='ocrx_word' id='word_1_147' title='bbox 325 2707 399 2763; x_wconf 89' lang='lat' dir='ltr'>intra</span> <span class='ocrx_word' id='word_1_148' title='bbox 412 2705 468 2765; x_wconf 90' lang='lat' dir='ltr'>hos</span> <span class='ocrx_word' id='word_1_149' title='bbox 482 2705 588 2765; x_wconf 87' lang='lat' dir='ltr'>limites</span> <span class='ocrx_word' id='word_1_150' title='bbox 598 2704 714 2764; x_wconf 88' lang='lat' dir='ltr'>fortuna</span> <span class='ocrx_word' id='word_1_151' title='bbox 724 2723 790 2763; x_wconf 91' lang='lat' dir='ltr'>mea</span> <span class='ocrx_word' id='word_1_152' title='bbox 799 2707 954 2764; x_wconf 89' lang='lat' dir='ltr'>terminata</span> <span class='ocrx_word' id='word_1_153' title='bbox 965 2710 1026 2764; x_wconf 91' lang='lat' dir='ltr'>est:</span> <span class='ocrx_word' id='word_1_154' title='bbox 1046 2723 1115 2765; x_wconf 93' lang='lat' dir='ltr'>nam</span> <span class='ocrx_word' id='word_1_155' title='bbox 1130 2715 1286 2783; x_wconf 90' lang='lat' dir='ltr'>postquam</span> 
     </span>
     <span class='ocr_line' id='line_1_19' title="bbox 135 2796 1287 2877; baseline 0.001 -20"><span class='ocrx_word' id='word_1_156' title='bbox 135 2818 172 2857; x_wconf 92' lang='lat' dir='ltr'>ex</span> <span class='ocrx_word' id='word_1_157' title='bbox 186 2798 320 2859; x_wconf 86' lang='lat' dir='ltr'>Merkelii</span> <span class='ocrx_word' id='word_1_158' title='bbox 334 2798 460 2859; x_wconf 84' lang='lat' dir='ltr'>editione</span> <span class='ocrx_word' id='word_1_159' title='bbox 475 2800 545 2858; x_wconf 90' lang='lat' dir='ltr'>anni</span> <span class='ocrx_word' id='word_1_160' title='bbox 564 2803 640 2874; x_wconf 83' lang='lat'>1837</span> <span class='ocrx_word' id='word_1_161' title='bbox 657 2799 786 2857; x_wconf 89' lang='lat' dir='ltr'>uideram</span> <span class='ocrx_word' id='word_1_162' title='bbox 806 2801 880 2858; x_wconf 88' lang='lat' dir='ltr'>inter</span> <span class='ocrx_word' id='word_1_163' title='bbox 901 2800 1010 2860; x_wconf 89' lang='lat' dir='ltr'>multos</span> <span class='ocrx_word' id='word_1_164' title='bbox 1031 2796 1136 2877; x_wconf 90' lang='lat' dir='ltr'>quibus</span> <span class='ocrx_word' id='word_1_165' title='bbox 1153 2813 1223 2859; x_wconf 89' lang='lat' dir='ltr'>usus</span> <span class='ocrx_word' id='word_1_166' title='bbox 1243 2809 1287 2859; x_wconf 92' lang='lat' dir='ltr'>est</span> 
     </span>
     <span class='ocr_line' id='line_1_20' title="bbox 135 2892 1287 2970; baseline 0.001 -18"><span class='ocrx_word' id='word_1_167' title='bbox 135 2892 253 2953; x_wconf 88' lang='lat' dir='ltr'>codices</span> <span class='ocrx_word' id='word_1_168' title='bbox 280 2893 372 2952; x_wconf 91' lang='lat' dir='ltr'>Ibidis</span> <span class='ocrx_word' id='word_1_169' title='bbox 402 2911 493 2952; x_wconf 92' lang='lat' dir='ltr'>unum</span> <span class='ocrx_word' id='word_1_170' title='bbox 525 2903 639 2952; x_wconf 90' lang='lat' dir='ltr'>tantum</span> <span class='ocrx_word' id='word_1_171' title='bbox 670 2892 935 2952; x_wconf 89' lang='lat' dir='ltr'>Vindobonensem</span> <span class='ocrx_word' id='word_1_172' title='bbox 966 2897 1026 2967; x_wconf 86' lang='lat'>885</span> <span class='ocrx_word' id='word_1_173' title='bbox 1059 2893 1287 2970; x_wconf 87' lang='lat' dir='ltr'>interpolationis</span> 
     </span>
     <span class='ocr_line' id='line_1_21' title="bbox 134 2978 1285 3064; baseline 0.002 -20"><span class='ocrx_word' id='word_1_174' title='bbox 134 2988 285 3046; x_wconf 91' lang='lat' dir='ltr'>inmunem</span> <span class='ocrx_word' id='word_1_175' title='bbox 313 2990 350 3046; x_wconf 89' lang='lat' dir='ltr'>ab</span> <span class='ocrx_word' id='word_1_176' title='bbox 379 3006 416 3046; x_wconf 89' lang='lat' dir='ltr'>eo</span> <span class='ocrx_word' id='word_1_177' title='bbox 443 2987 572 3058; x_wconf 89' lang='lat' dir='ltr'>iudicari,</span> <span class='ocrx_word' id='word_1_178' title='bbox 596 2988 646 3064; x_wconf 93' lang='lat' dir='ltr'>qui</span> <span class='ocrx_word' id='word_1_179' title='bbox 671 3005 708 3044; x_wconf 90' lang='lat' dir='ltr'>ne</span> <span class='ocrx_word' id='word_1_180' title='bbox 731 2987 793 3062; x_wconf 91' lang='lat' dir='ltr'>ipse</span> <span class='ocrx_word' id='word_1_181' title='bbox 819 2982 937 3064; x_wconf 92' lang='lat' dir='ltr'>quidem</span> <span class='ocrx_word' id='word_1_182' title='bbox 961 3000 1037 3047; x_wconf 87' lang='lat' dir='ltr'>saec.</span> <span class='ocrx_word' id='word_1_183' title='bbox 1051 2978 1285 3059; x_wconf 75' lang='lat' dir='ltr'>xiiisexcederet,</span> 
     </span>
     <span class='ocr_line' id='line_1_22' title="bbox 135 3080 1287 3158; baseline 0.002 -19"><span class='ocrx_word' id='word_1_184' title='bbox 135 3082 314 3158; x_wconf 90' lang='lat' dir='ltr'>indagabam</span> <span class='ocrx_word' id='word_1_185' title='bbox 327 3100 399 3139; x_wconf 91' lang='lat' dir='ltr'>num</span> <span class='ocrx_word' id='word_1_186' title='bbox 413 3081 478 3158; x_wconf 92' lang='lat' dir='ltr'>quis</span> <span class='ocrx_word' id='word_1_187' title='bbox 493 3081 565 3140; x_wconf 92' lang='lat' dir='ltr'>alius</span> <span class='ocrx_word' id='word_1_188' title='bbox 580 3090 689 3139; x_wconf 88' lang='lat' dir='ltr'>extaret</span> <span class='ocrx_word' id='word_1_189' title='bbox 703 3080 798 3140; x_wconf 85' lang='lat' dir='ltr'>codex</span> <span class='ocrx_word' id='word_1_190' title='bbox 813 3082 863 3158; x_wconf 92' lang='lat' dir='ltr'>qui</span> <span class='ocrx_word' id='word_1_191' title='bbox 877 3091 906 3140; x_wconf 90' lang='lat' dir='ltr'>et</span> <span class='ocrx_word' id='word_1_192' title='bbox 922 3082 1050 3158; x_wconf 84' lang='lat' dir='ltr'>ignotior</span> <span class='ocrx_word' id='word_1_193' title='bbox 1064 3091 1093 3139; x_wconf 91' lang='lat' dir='ltr'>et</span> <span class='ocrx_word' id='word_1_194' title='bbox 1107 3083 1245 3141; x_wconf 85' lang='lat' dir='ltr'>sincerior</span> <span class='ocrx_word' id='word_1_195' title='bbox 1259 3092 1287 3141; x_wconf 92' lang='lat' dir='ltr'>et</span> 
     </span>
     <span class='ocr_line' id='line_1_23' title="bbox 135 3174 1288 3254; baseline -0.002 -18"><span class='ocrx_word' id='word_1_196' title='bbox 135 3177 280 3254; x_wconf 90' lang='lat' dir='ltr'>antiquior</span> <span class='ocrx_word' id='word_1_197' title='bbox 293 3186 377 3236; x_wconf 92' lang='lat' dir='ltr'>esset.</span> <span class='ocrx_word' id='word_1_198' title='bbox 420 3175 485 3234; x_wconf 92' lang='lat' dir='ltr'>Nec</span> <span class='ocrx_word' id='word_1_199' title='bbox 506 3182 554 3234; x_wconf 89' lang='lat' dir='ltr'>me</span> <span class='ocrx_word' id='word_1_200' title='bbox 575 3174 675 3234; x_wconf 88' lang='lat' dir='ltr'>fefellit</span> <span class='ocrx_word' id='word_1_201' title='bbox 695 3175 814 3250; x_wconf 91' lang='lat' dir='ltr'>opinio:</span> <span class='ocrx_word' id='word_1_202' title='bbox 836 3193 906 3233; x_wconf 92' lang='lat' dir='ltr'>nam</span> <span class='ocrx_word' id='word_1_203' title='bbox 927 3175 1001 3234; x_wconf 92' lang='lat' dir='ltr'>duos</span> <span class='ocrx_word' id='word_1_204' title='bbox 1023 3185 1100 3235; x_wconf 90' lang='lat' dir='ltr'>certe</span> <span class='ocrx_word' id='word_1_205' title='bbox 1122 3177 1221 3235; x_wconf 90' lang='lat' dir='ltr'>inueni</span> <span class='ocrx_word' id='word_1_206' title='bbox 1238 3176 1288 3252; x_wconf 92' lang='lat' dir='ltr'>qui</span> 
     </span>
     <span class='ocr_line' id='line_1_24' title="bbox 135 3267 1287 3348; baseline -0.001 -18"><span class='ocrx_word' id='word_1_207' title='bbox 135 3289 211 3330; x_wconf 90' lang='lat' dir='ltr'>saec.</span> <span class='ocrx_word' id='word_1_208' title='bbox 233 3271 273 3327; x_wconf 91' lang='lat' dir='ltr'>xii</span> <span class='ocrx_word' id='word_1_209' title='bbox 295 3271 476 3347; x_wconf 87' lang='lat' dir='ltr'>attingerent,</span> <span class='ocrx_word' id='word_1_210' title='bbox 503 3269 775 3345; x_wconf 87' lang='lat' dir='ltr'>Cantabrigiensem</span> <span class='ocrx_word' id='word_1_211' title='bbox 805 3267 861 3347; x_wconf 82' lang='lat' dir='ltr'>(G)</span> <span class='ocrx_word' id='word_1_212' title='bbox 888 3269 1095 3329; x_wconf 90' lang='lat' dir='ltr'>Turonensem</span> <span class='ocrx_word' id='word_1_213' title='bbox 1118 3267 1182 3348; x_wconf 80' lang='lat' dir='ltr'>(T).</span> <span class='ocrx_word' id='word_1_214' title='bbox 1226 3269 1287 3342; x_wconf 92' lang='lat' dir='ltr'>Qui</span> 
     </span>
     <span class='ocr_line' id='line_1_25' title="bbox 135 3364 1287 3442; baseline 0 -19"><span class='ocrx_word' id='word_1_215' title='bbox 135 3382 314 3442; x_wconf 92' lang='lat' dir='ltr'>quamquam</span> <span class='ocrx_word' id='word_1_216' title='bbox 344 3365 464 3424; x_wconf 90' lang='lat' dir='ltr'>adiectis</span> <span class='ocrx_word' id='word_1_217' title='bbox 491 3364 619 3424; x_wconf 92' lang='lat' dir='ltr'>Conradi</span> <span class='ocrx_word' id='word_1_218' title='bbox 648 3364 791 3440; x_wconf 90' lang='lat' dir='ltr'>excerptis</span> <span class='ocrx_word' id='word_1_219' title='bbox 822 3364 944 3422; x_wconf 90' lang='lat' dir='ltr'>carmini</span> <span class='ocrx_word' id='word_1_220' title='bbox 975 3365 1163 3424; x_wconf 87' lang='lat' dir='ltr'>restaurando</span> <span class='ocrx_word' id='word_1_221' title='bbox 1194 3383 1287 3441; x_wconf 87' lang='lat' dir='ltr'>prope</span> 
     </span>
     <span class='ocr_line' id='line_1_26' title="bbox 134 3458 1285 3538; baseline -0.003 -20"><span class='ocrx_word' id='word_1_222' title='bbox 134 3458 323 3529; x_wconf 89' lang='lat' dir='ltr'>sufficiebant,</span> <span class='ocrx_word' id='word_1_223' title='bbox 338 3477 400 3517; x_wconf 92' lang='lat' dir='ltr'>non</span> <span class='ocrx_word' id='word_1_224' title='bbox 421 3458 479 3518; x_wconf 94' lang='lat' dir='ltr'>hoc</span> <span class='ocrx_word' id='word_1_225' title='bbox 494 3469 656 3538; x_wconf 85' lang='lat' dir='ltr'>contentus</span> <span class='ocrx_word' id='word_1_226' title='bbox 677 3459 882 3536; x_wconf 92' lang='lat' dir='ltr'>Phillippicum</span> <span class='ocrx_word' id='word_1_227' title='bbox 903 3461 989 3533; x_wconf 84' lang='lat'>1796,</span> <span class='ocrx_word' id='word_1_228' title='bbox 1011 3458 1175 3519; x_wconf 88' lang='lat' dir='ltr'>Parisinum</span> <span class='ocrx_word' id='word_1_229' title='bbox 1197 3471 1285 3533; x_wconf 85' lang='lat'>7994,</span> 
     </span>
     <span class='ocr_line' id='line_1_27' title="bbox 135 3551 1287 3630; baseline -0.001 -18"><span class='ocrx_word' id='word_1_230' title='bbox 135 3564 272 3629; x_wconf 89' lang='lat' dir='ltr'>utrosque</span> <span class='ocrx_word' id='word_1_231' title='bbox 295 3553 431 3628; x_wconf 90' lang='lat' dir='ltr'>optimos,</span> <span class='ocrx_word' id='word_1_232' title='bbox 455 3554 599 3630; x_wconf 88' lang='lat' dir='ltr'>prioribus</span> <span class='ocrx_word' id='word_1_233' title='bbox 624 3552 731 3625; x_wconf 89' lang='lat' dir='ltr'>addidi,</span> <span class='ocrx_word' id='word_1_234' title='bbox 757 3554 862 3630; x_wconf 90' lang='lat' dir='ltr'>quibus</span> <span class='ocrx_word' id='word_1_235' title='bbox 887 3562 1038 3630; x_wconf 92' lang='lat' dir='ltr'>tamquam</span> <span class='ocrx_word' id='word_1_236' title='bbox 1060 3552 1157 3611; x_wconf 92' lang='lat' dir='ltr'>ualido</span> <span class='ocrx_word' id='word_1_237' title='bbox 1181 3551 1287 3611; x_wconf 85' lang='lat' dir='ltr'>lunda-</span> 
     </span>
     <span class='ocr_line' id='line_1_28' title="bbox 134 3645 1287 3707; baseline -0.001 -1"><span class='ocrx_word' id='word_1_238' title='bbox 134 3658 235 3706; x_wconf 91' lang='lat' dir='ltr'>mento</span> <span class='ocrx_word' id='word_1_239' title='bbox 256 3646 344 3705; x_wconf 92' lang='lat' dir='ltr'>editio</span> <span class='ocrx_word' id='word_1_240' title='bbox 365 3665 432 3706; x_wconf 91' lang='lat' dir='ltr'>mea</span> <span class='ocrx_word' id='word_1_241' title='bbox 449 3648 594 3706; x_wconf 90' lang='lat' dir='ltr'>niteretur.</span> <span class='ocrx_word' id='word_1_242' title='bbox 637 3647 721 3706; x_wconf 91' lang='lat' dir='ltr'>Duos</span> <span class='ocrx_word' id='word_1_243' title='bbox 737 3647 902 3707; x_wconf 88' lang='lat' dir='ltr'>communis</span> <span class='ocrx_word' id='word_1_244' title='bbox 916 3646 1040 3705; x_wconf 89' lang='lat' dir='ltr'>familiae</span> <span class='ocrx_word' id='word_1_245' title='bbox 1050 3645 1287 3705; x_wconf 84' lang='lat' dir='ltr'>Holkhamicum</span> 
     </span>
     <span class='ocr_line' id='line_1_29' title="bbox 135 3731 1288 3814; baseline -0.003 -12"><span class='ocrx_word' id='word_1_246' title='bbox 135 3752 163 3802; x_wconf 91' lang='lat' dir='ltr'>et</span> <span class='ocrx_word' id='word_1_247' title='bbox 184 3742 392 3814; x_wconf 91' lang='lat' dir='ltr'>Mutinensem,</span> <span class='ocrx_word' id='word_1_248' title='bbox 409 3741 586 3802; x_wconf 92' lang='lat' dir='ltr'>Vaticanum</span> <span class='ocrx_word' id='word_1_249' title='bbox 605 3744 691 3814; x_wconf 80' lang='lat'>1602,</span> <span class='ocrx_word' id='word_1_250' title='bbox 713 3743 910 3813; x_wconf 87' lang='lat' dir='ltr'>Parmensem,</span> <span class='ocrx_word' id='word_1_251' title='bbox 926 3759 994 3800; x_wconf 89' lang='lat' dir='ltr'>cum</span> <span class='ocrx_word' id='word_1_252' title='bbox 1011 3731 1237 3798; x_wconf 78' lang='lat' dir='ltr'>VindObonensi</span> <span class='ocrx_word' id='word_1_253' title='bbox 1259 3750 1288 3799; x_wconf 92' lang='lat' dir='ltr'>et</span> 
     </span>
     <span class='ocr_line' id='line_1_30' title="bbox 134 3836 1287 3919; baseline -0.003 -23"><span class='ocrx_word' id='word_1_254' title='bbox 134 3837 364 3897; x_wconf 87' lang='lat' dir='ltr'>Francolurtano</span> <span class='ocrx_word' id='word_1_255' title='bbox 386 3856 461 3914; x_wconf 89' lang='lat' dir='ltr'>quos</span> <span class='ocrx_word' id='word_1_256' title='bbox 482 3839 586 3897; x_wconf 90' lang='lat' dir='ltr'>ambos</span> <span class='ocrx_word' id='word_1_257' title='bbox 600 3836 759 3919; x_wconf 89' lang='lat' dir='ltr'>Merkelius</span> <span class='ocrx_word' id='word_1_258' title='bbox 779 3837 916 3908; x_wconf 88' lang='lat' dir='ltr'>ediderat,</span> <span class='ocrx_word' id='word_1_259' title='bbox 931 3845 981 3895; x_wconf 91' lang='lat' dir='ltr'>aut</span> <span class='ocrx_word' id='word_1_260' title='bbox 994 3845 1073 3896; x_wconf 91' lang='lat' dir='ltr'>totos</span> <span class='ocrx_word' id='word_1_261' title='bbox 1088 3846 1137 3896; x_wconf 90' lang='lat' dir='ltr'>aut</span> <span class='ocrx_word' id='word_1_262' title='bbox 1151 3837 1201 3894; x_wconf 94' lang='lat' dir='ltr'>ubi</span> <span class='ocrx_word' id='word_1_263' title='bbox 1215 3837 1287 3894; x_wconf 89' lang='lat' dir='ltr'>boni</span> 
     </span>
     <span class='ocr_line' id='line_1_31' title="bbox 134 3929 1287 4010; baseline -0.003 -18"><span class='ocrx_word' id='word_1_264' title='bbox 134 3932 243 4010; x_wconf 92' lang='lat' dir='ltr'>aliquid</span> <span class='ocrx_word' id='word_1_265' title='bbox 257 3931 482 4008; x_wconf 90' lang='lat' dir='ltr'>suppeditabant</span> <span class='ocrx_word' id='word_1_266' title='bbox 502 3932 626 3990; x_wconf 89' lang='lat' dir='ltr'>exhibui.</span> <span class='ocrx_word' id='word_1_267' title='bbox 669 3930 733 3991; x_wconf 93' lang='lat' dir='ltr'>Nec</span> <span class='ocrx_word' id='word_1_268' title='bbox 748 3942 847 3991; x_wconf 90' lang='lat' dir='ltr'>tamen</span> <span class='ocrx_word' id='word_1_269' title='bbox 861 3931 961 3990; x_wconf 91' lang='lat' dir='ltr'>nescio</span> <span class='ocrx_word' id='word_1_270' title='bbox 977 3949 1065 4007; x_wconf 88' lang='lat' dir='ltr'>posse</span> <span class='ocrx_word' id='word_1_271' title='bbox 1079 3931 1184 3990; x_wconf 93' lang='lat' dir='ltr'>alicubi</span> <span class='ocrx_word' id='word_1_272' title='bbox 1198 3929 1287 3988; x_wconf 88' lang='lat' dir='ltr'>latere</span> 
     </span>
     <span class='ocr_line' id='line_1_32' title="bbox 134 4027 441 4104; baseline -0.007 -17"><span class='ocrx_word' id='word_1_273' title='bbox 134 4029 223 4087; x_wconf 91' lang='lat' dir='ltr'>etiam</span> <span class='ocrx_word' id='word_1_274' title='bbox 238 4027 441 4104; x_wconf 90' lang='lat' dir='ltr'>antiquiorem.</span> 
     </span>
    </p>

    <p class='ocr_par' dir='ltr' id='par_1_6' title="bbox 134 4117 1287 4480">
     <span class='ocr_line' id='line_1_33' title="bbox 175 4117 1286 4196; baseline -0.005 -16"><span class='ocrx_word' id='word_1_275' title='bbox 175 4122 236 4180; x_wconf 94' lang='lat' dir='ltr'>lbis</span> <span class='ocrx_word' id='word_1_276' title='bbox 252 4132 284 4179; x_wconf 93' lang='lat' dir='ltr'>ut</span> <span class='ocrx_word' id='word_1_277' title='bbox 298 4130 365 4181; x_wconf 89' lang='lat' dir='ltr'>ante</span> <span class='ocrx_word' id='word_1_278' title='bbox 380 4121 554 4180; x_wconf 88' lang='lat' dir='ltr'>exstinctam</span> <span class='ocrx_word' id='word_1_279' title='bbox 570 4121 776 4180; x_wconf 88' lang='lat' dir='ltr'>Romanorum</span> <span class='ocrx_word' id='word_1_280' title='bbox 794 4128 970 4196; x_wconf 89' lang='lat' dir='ltr'>potestatem</span> <span class='ocrx_word' id='word_1_281' title='bbox 989 4120 1159 4194; x_wconf 91' lang='lat' dir='ltr'>interpretes</span> <span class='ocrx_word' id='word_1_282' title='bbox 1179 4117 1286 4189; x_wconf 92' lang='lat' dir='ltr'>habuit,</span> 
     </span>
     <span class='ocr_line' id='line_1_34' title="bbox 135 4211 1287 4292; baseline -0.004 -17"><span class='ocrx_word' id='word_1_283' title='bbox 135 4216 175 4275; x_wconf 93' lang='lat' dir='ltr'>sic</span> <span class='ocrx_word' id='word_1_284' title='bbox 200 4234 238 4273; x_wconf 91' lang='lat' dir='ltr'>ne</span> <span class='ocrx_word' id='word_1_285' title='bbox 262 4215 361 4274; x_wconf 91' lang='lat' dir='ltr'>medio</span> <span class='ocrx_word' id='word_1_286' title='bbox 386 4215 505 4292; x_wconf 90' lang='lat' dir='ltr'>quidem</span> <span class='ocrx_word' id='word_1_287' title='bbox 530 4233 605 4274; x_wconf 89' lang='lat' dir='ltr'>aeuo</span> <span class='ocrx_word' id='word_1_288' title='bbox 629 4215 794 4292; x_wconf 87' lang='lat' dir='ltr'>legentibus</span> <span class='ocrx_word' id='word_1_289' title='bbox 819 4223 847 4273; x_wconf 90' lang='lat' dir='ltr'>et</span> <span class='ocrx_word' id='word_1_290' title='bbox 872 4211 1080 4271; x_wconf 88' lang='lat' dir='ltr'>adnotantibus</span> <span class='ocrx_word' id='word_1_291' title='bbox 1104 4213 1229 4285; x_wconf 87' lang='lat' dir='ltr'>carebat,</span> <span class='ocrx_word' id='word_1_292' title='bbox 1256 4222 1287 4270; x_wconf 95' lang='lat' dir='ltr'>ut</span> 
     </span>
     <span class='ocr_line' id='line_1_35' title="bbox 134 4306 1285 4384; baseline -0.002 -16"><span class='ocrx_word' id='word_1_293' title='bbox 134 4318 274 4368; x_wconf 85' lang='lat' dir='ltr'>testantur</span> <span class='ocrx_word' id='word_1_294' title='bbox 296 4308 414 4368; x_wconf 90' lang='lat' dir='ltr'>Scholia</span> <span class='ocrx_word' id='word_1_295' title='bbox 435 4327 510 4384; x_wconf 87' lang='lat' dir='ltr'>quae</span> <span class='ocrx_word' id='word_1_296' title='bbox 530 4310 617 4368; x_wconf 90' lang='lat' dir='ltr'>uariis</span> <span class='ocrx_word' id='word_1_297' title='bbox 639 4309 736 4369; x_wconf 91' lang='lat' dir='ltr'>modis</span> <span class='ocrx_word' id='word_1_298' title='bbox 759 4309 902 4366; x_wconf 91' lang='lat' dir='ltr'>inmutata</span> <span class='ocrx_word' id='word_1_299' title='bbox 926 4306 964 4365; x_wconf 86' lang='lat' dir='ltr'>ad</span> <span class='ocrx_word' id='word_1_300' title='bbox 988 4325 1041 4366; x_wconf 92' lang='lat' dir='ltr'>nos</span> <span class='ocrx_word' id='word_1_301' title='bbox 1063 4306 1285 4366; x_wconf 87' lang='lat' dir='ltr'>descenderunt.</span> 
     </span>
     <span class='ocr_line' id='line_1_36' title="bbox 136 4401 1287 4480; baseline -0.002 -17"><span class='ocrx_word' id='word_1_302' title='bbox 136 4403 195 4463; x_wconf 89' lang='lat' dir='ltr'>Sed</span> <span class='ocrx_word' id='word_1_303' title='bbox 208 4421 370 4480; x_wconf 87' lang='lat' dir='ltr'>numquam</span> <span class='ocrx_word' id='word_1_304' title='bbox 385 4405 501 4480; x_wconf 90' lang='lat' dir='ltr'>saepius</span> <span class='ocrx_word' id='word_1_305' title='bbox 515 4403 666 4480; x_wconf 89' lang='lat' dir='ltr'>legebatur</span> <span class='ocrx_word' id='word_1_306' title='bbox 681 4421 771 4479; x_wconf 85' lang='lat' dir='ltr'>quam</span> <span class='ocrx_word' id='word_1_307' title='bbox 786 4411 880 4463; x_wconf 87' lang='lat' dir='ltr'>aetate</span> <span class='ocrx_word' id='word_1_308' title='bbox 896 4419 955 4478; x_wconf 89' lang='lat' dir='ltr'>qua</span> <span class='ocrx_word' id='word_1_309' title='bbox 964 4401 1145 4462; x_wconf 88' lang='lat' dir='ltr'>Graecorum</span> <span class='ocrx_word' id='word_1_310' title='bbox 1160 4401 1190 4460; x_wconf 91' lang='lat' dir='ltr'>in</span> <span class='ocrx_word' id='word_1_311' title='bbox 1203 4401 1287 4461; x_wconf 89' lang='lat' dir='ltr'>Italia</span> 
     </span>
    </p>
   </div>
   <div class='ocr_carea' id='block_1_5' title="bbox 0 0 1548 4980">
    <p class='ocr_par' dir='ltr' id='par_1_7' title="bbox 0 0 1548 4980">
     <span class='ocr_line' id='line_1_37' title="bbox 0 0 1548 4980; baseline 0 0"><span class='ocrx_word' id='word_1_312' title='bbox 0 0 1548 4980; x_wconf 95' lang='lat' dir='ltr'> </span> 
     </span>
    </p>
   </div>
  </div>
 </body>
</html>
