3038 4988
253 377 309 432 152
501 379 504 387 “
644 371 992 433 COMMENTARIVS.

249 528 392 599 Ἀργυρίων
410 528 547 584 ὑπόπλεως
567 527 672 597 (Bergk
691 529 722 583 P.
737 530 766 582 L.
786 545 815 598 p.
831 526 918 597 1202).
961 527 1049 581 Πολὺ
1070 525 1094 580 δ’
1114 525 1335 597 ἀσελγεστέρᾳ
1356 520 1401 580 καί

250 598 484 668 ἀναπεπταμένῃ
496 601 616 668 μᾶλλον
628 600 671 653 είς
683 600 735 652 τὸν
745 599 962 665 Θεμιστοκλέα
974 600 1165 668 βλασφημίᾳ
1177 599 1330 668 κέχρηται
1341 599 1401 665 μετὰ

249 669 295 736 τὴν
310 669 397 740 φυγι)ν
412 670 490 723 αὐτοῦ
508 672 550 723 καί
567 669 614 735 τὴν
630 667 765 735 καταδίκην
777 672 792 722 ὁ
804 670 949 740 Τιμοκρέων
964 667 1037 756 δσμα
1054 671 1173 738 ποιήσας,
1187 668 1218 722 οὗ
1236 670 1312 723 έστιν
1329 669 1402 738 ἀρχίη·

251 744 347 794 Μοῦσα
363 740 439 794 τοῦδε
457 743 503 794 τοῦ
521 739 612 809 μέλεος
625 740 708 795 Κλέος
726 738 904 796 ἀν’Ἕλλανας
921 741 985 794 τίθει
1006 747 1042 794 Ως
1060 740 1141 795 έοικδς
1159 741 1200 792 καὶ
1218 739 1325 794 δίκαιον.
1362 742 1401 795 Cf.

252 810 355 865 Suidas
373 828 396 866 s.
408 828 433 865 u.
448 811 600 879 Τιμοκρέων·
619 811 655 865 εἷς
670 810 699 862 ὃν
713 810 957 878 (Themistoclem)
972 812 1012 864 troi
1024 810 1138 879 έξιίφανε
1151 812 1254 882 φάγον
1267 810 1304 862 δι’
1316 811 1330 863 ε’
1334 833 1401 879 μμε-

248 883 324 936 λοῦς
341 882 425 936 τινὸς
442 881 617 949 ποιήματος.
653 881 823 936 Timocreon
840 892 925 951 poeta
939 881 1042 950 lyricus
1055 881 1132 950 (uide
1146 880 1355 935 Bemhardium
1367 882 1402 936 ad

252 951 332 1006 Suid.
345 951 373 1005 ii.
392 968 419 1021 p.
436 950 513 1020 1143)
527 953 590 1006 exul
602 951 638 1006 de
651 952 743 1021 patria
757 953 858 1021 Ialyso‚
873 952 941 1007 urbe
955 952 1076 1020 Rhodia,
1089 952 1166 1022 quod
1181 952 1276 1005 Medis
1289 952 1401 1021 fauent,

251 1040 316 1076 cum
329 1021 452 1076 amicum
463 1023 684 1077 Themistoclem
696 1023 798 1076 frustra
811 1023 988 1092 implorasset
999 1033 1028 1076 ut
1042 1022 1070 1075 in
1083 1022 1205 1092 patriam
1215 1034 1401 1091 reuocaretur,

251 1110 355 1162 poema
374 1092 484 1162 scripsit
506 1110 562 1162 quo
584 1110 649 1147 eum
671 1094 806 1162 arguebat
825 1103 971 1174 tamquam
993 1103 1088 1163 spreta
1108 1093 1234 1147 amicitia
1255 1093 1402 1162 pecuniam

251 1162 409 1232 accepisset
427 1181 463 1217 ne
482 1163 536 1216 sibi
554 1163 676 1217 reditum
695 1164 826 1219 efficeret.
864 1164 1030 1233 Diciturque
1044 1164 1252 1218 Themistocles
1270 1164 1332 1233 ipse
1350 1164 1402 1218 suf·

251 1233 372 1302 fragium
394 1242 492 1287 contra
513 1234 742 1289 Timocreontem
764 1233 800 1288 de
819 1234 960 1288 medismo
980 1252 1059 1288 reum
1080 1234 1187 1290 tulisse.
1233 1236 1298 1288 Nec
1318 1235 1403 1289 semel

251 1314 363 1357 tantum
376 1303 545 1358 Timocreon
562 1322 627 1358 eum
644 1304 795 1373 lacessiuit‚
808 1306 859 1360 sed
872 1304 928 1359 alia
940 1305 1026 1359 etiam
1039 1305 1150 1375 scripsit
1163 1315 1319 1374 postquam
1333 1307 1402 1359 The·

251 1374 396 1428 mistocles
417 1376 480 1428 exul
502 1375 563 1444 ipse
584 1375 674 1428 factus
697 1385 748 1429 est.
792 1377 885 1444 Quam
907 1392 1025 1445 asperae
1046 1375 1159 1445 linguae
1181 1375 1264 1429 fuerit
1286 1385 1404 1430 testatur

252 1445 428 1515 epigramma
440 1462 485 1514 ap.
495 1446 598 1499 Athen.
608 1458 659 1514 415
671 1446 765 1498 Πολλὰ
777 1449 870 1516 φαγὼν
879 1448 919 1499 καί
930 1448 1020 1500 πολλὰ
1031 1449 1096 1500 πιὼν
1109 1447 1149 1498 καί
1162 1448 1252 1498 πολλὰ
1265 1448 1320 1498 κάκ’
1329 1446 1403 1500 εἰπὼν

251 1517 415 1583 Ἀνθρώπους
427 1518 510 1584 κεῖμαι
521 1516 666 1584 Τιμοκρέων
677 1515 783 1571 Ῥόδιος,
855 1519 927 1570 526.
942 1521 1073 1571 dextera
1083 1521 1170 1571 laeso
1181 1533 1199 1570 a
1212 1516 1403 1571 Themistocle

251 1586 358 1641 uiolata
366 1586 436 1640 fides
444 1586 753 1653 amicitiae‚cs.Aen.iv.
761 1588 973 1656 597Endextra
974 1589 1108 1658 fidesque.
1128 1588 1213 1656 Quod
1221 1604 1291 1641 sane
1301 1587 1402 1641 durius.

251 1657 326 1711 Vide
340 1660 506 1712 Excursum.
577 1661 646 1712 527.
660 1659 758 1726 Steph.
772 1659 803 1713 B.
817 1675 838 1712 s.
849 1676 875 1712 u.
888 1656 1168 1727 ’ορἔσται;,,θεαγένης
1180 1658 1207 1711 ἐν
1220 1658 1403 1711 Μακεδονικοῖς

252 1732 336 1798 φησιν
348 1728 387 1782 ὅτι
405 1728 461 1782 έπεί
477 1727 571 1797 ἀφείθη
588 1731 633 1795 τῆς
650 1730 740 1796 μανίας
750 1727 884 1798 Ὀρέστης,
897 1727 1056 1800 φεόγωνδιά
1073 1728 1119 1796 τὴν
1131 1728 1193 1782 αίδῶ
1210 1728 1275 1797 μετὰ
1291 1729 1338 1796 τῆς
1348 1726 1403 1796 ‘Ep-

251 1802 340 1888 μιόνης
352 1799 388 1854 είς
400 1797 493 1865 ταύτην
503 1797 568 1865 ἦλθε
580 1798 627 1866 τὴν
637 1800 686 1867 γῆν
698 1799 739 1850 καί
750 1798 830 1853 παῖδα
842 1799 921 1868 ἔσχεν
932 1796 1067 1868 Ὀρέστην,
1078 1797 1108 1851 οὗ
1120 1798 1247 1868 ἀρξαντος
1258 1799 1404 1867 ἐκλήθησαν

260 1871 383 1937 Ορέσται·
409 1869 485 1924 αὐτὸς
503 1868 532 1922 δέ
552 1868 602 1922 ὑπὸ
623 1868 725 1938 ἐχίδνης
742 1869 846 1939 δηχθεὶς
864 1869 1033 1938 θνήσκειείς
1039 1869 1133 1939 χωρίον
1151 1872 1196 1937 τῆς
1212 1868 1358 1939 Ἀρκαδίας,
1376 1871 1403 1922 τὸ

251 1941 393 2011 λεγόμενον
405 1938 564 2009 Ὀρέστειον.
600 1940 712 1993 Eadem
730 1940 817 1994 habet
837 1940 932 1994 Schol.
950 1940 1047 2010 Eurip:
1065 1942 1156 1995 Orest.
1174 1940 1251 2008 1645,
1265 1942 1355 1994 Tzetz.
1369 1940 1404 1993 ad

253 2013 406 2079 Lyc.1374
465 2013 536 2065 528.
555 2014 645 2064 uirus
657 2013 793 2065 habente
806 2011 890 2065 Trist.
904 2010 939 2066 iv.
952 2027 972 2064 1.
987 2012 1021 2077 84
1034 2011 1088 2065 telo
1100 2013 1183 2064 uirus
1194 2010 1313 2064 habente
1320 2013 1402 2080 perit.

252 2084 322 2136 529.
342 2085 481 2146 coniugii
498 2098 562 2135 nox
576 2085 687 2147 prima.
726 2083 791 2136 Sen.
806 2083 940 2136 Controu.
953 2082 970 2136 i.
984 2097 1008 2136 2.
1023 2097 1056 2135 22
1071 2084 1151 2135 Burs.
1163 2083 1310 2135 Nouimus
1322 2084 1403 2134 istam

250 2154 423 2205 maritorum
451 2152 658 2219 abstinentiam,
684 2154 737 2221 qui
758 2154 872 2206 etiamsi
894 2152 1035 2222 primam
1061 2151 1249 2221 uirginibus
1278 2151 1404 2206 timidis

252 2222 413 2276 remisere
431 2232 570 2290 noctem,
589 2223 694 2276 uicinis
711 2227 805 2276 tomen
823 2224 891 2276 locrlr
909 2224 1020 2277 ludunt.
1105 2227 1282 2277 nouissima
1299 2222 1404 2276 ultima.

253 2295 323 2348 530.
336 2296 475 2358 Eupolis.
492 2294 526 2347 A.
536 2292 618 2347 P.vii.
627 2293 679 2362 298
687 2293 747 2346 Atat
755 2298 833 2346 τοῦτο
843 2294 973 2360 κάκιστον,
978 2293 1039 2347 ὅταν
1046 2293 1156 2347 κλαίωσι
1165 2294 1276 2347 θανόντα
1285 2294 1405 2363 Νυμφίον

251 2362 266 2430 ἢ
287 2362 398 2433 νύμφην·
418 2362 488 2430 ἡνίκα
507 2362 529 2415 δ’
547 2363 718 2433 ἀμφοτέρους,
734 2366 849 2416 Εὔπολιν
867 2365 901 2418 ὣς
918 2364 1017 2435 ἀγαθήν
1034 2386 1062 2418 τε
1078 2365 1220 2424 Λυκαίνιον,
1238 2365 1273 2417 ὧν
1289 2363 1405 2433 ὑμέναιον

245 2431 382 2497 Ἐσβεσεν
394 2433 422 2486 έν
435 2436 523 2503 πρώτη
542 2436 611 2487 νυκτί
628 2436 717 2489 πεσὼν
734 2435 857 2502 θάλαμος,
871 2435 924 2488 Οὐκ
940 2435 1024 2489 ἄλλου
1039 2435 1100 2489 τόδε
1118 2435 1193 2501 ’κῆδος
1208 2433 1361 2503 ίσόρῤοπον,
1374 2435 1405 2489 ὡς

254 2505 289 2558 σὺ
313 2503 359 2573 μέν
380 2505 443 2570 υἱόν,
464 2507 532 2571 Nini,
554 2505 588 2557 σὺ
612 2503 634 2558 δ’
657 2506 795 2571 ἔκλαυσας,
818 2504 933 2570 Θεύδικε,
955 2504 1083 2576 θυγατέρα
1105 2504 1219 2574 ,(Εοῐιεῐ.
1245 2503 1405 2571 Fanensis).

254 2575 351 2629 Etiam
364 2576 451 2629 Anth.
466 2576 495 2628 P.
510 2574 544 2629 ix.
555 2590 606 2641 422
621 2574 766 2644 Diogenes
780 2575 895 2646 quidam
908 2576 1010 2630 dicitur
1022 2593 1128 2643 nouum
1140 2576 1231 2630 iniens
1245 2576 1405 2644 coniugium

253 2645 346 2716 prima
358 2656 441 2700 nocte
454 2662 519 2699 cum
531 2655 620 2716 nupta
632 2645 756 2715 periisse.
830 2650 895 2704 531.
908 2651 1132 2702 cothurnatum
1143 2647 1283 2715 tragicum
1293 2657 1405 2717 poetam

253 2718 317 2771 Am.
336 2716 419 2771 ii.18.
439 2717 487 2770 18:
515 2716 556 2770 sic
574 2717 774 2770 cothurnatum
793 2717 973 2772 autemdicit
993 2717 1158 2788 Euripidem
1179 2730 1237 2786 595.
1309 2721 1406 2782 Lyco-

253 2791 378 2853 phrona
390 2789 479 2841 Tzetz.
495 2787 588 2841 Schol.
604 2789 670 2856 Lyc.
683 2805 710 2857 p.
721 2788 773 2856 263
789 2789 891 2843 Miller
901 2787 932 2840 Ὀ
945 2790 1090 2859 Λυκόφρων
1101 2791 1137 2860 τῷ
1152 2789 1198 2856 μέν
1210 2787 1278 2881 γένει
1293 2785 1324 2854 ἢν
1336 2791 1405 2840 Χαλ-

254 2858 338 2913 κιδεὺς
355 2858 408 2912 υίὸς
426 2859 566 2920 Σωκλέους,
584 2855 599 2926 ἢ
621 2857 704 2911 Λύκου
721 2862 768 2912 τοῦ
786 2861 993 2930 ἱστοριογράφου
1012 2861 1076 2912 κατιί
1094 2881 1170 2915 τινας.
1207 2880 1239 2925 ην
1257 2858 1286 2912 δέ
1304 2855 1341 2913 εἷς
1358 2864 1407 2912 τῶν

253 2930 318 2989 Ιἔπτὰ
330 2934 450 2997 ποιητῶν,
462 2925 553 2983 οἵτινες
570 2928 611 2981 διὰ
630 2930 660 2983 τό
678 2929 742 2982 ἔπτὰ
760 2925 822 2982 εἶναι
836 2932 881 2997 τῆς
896 2930 1020 2985 πλειάδος
1037 2930 1168 2998 ἐλέγοντο.
1205 2928 1274 2996 ἦσαν
1291 2929 1319 2983 δέ
1338 2925 1406 2981 οὗτοι

253 2999 282 3053 έν
290 3002 394 3070 χρόνοις
406 3000 569 3068 Πτολεμαίου
580 3002 626 3052 τοῦ
638 2999 809 3070 Φιλαδέλφου
821 3001 861 3053 καὶ
871 3001 1011 3070 Βερενίκης.
1049 3001 1129 3054 Idem
1142 2999 1210 3054 dicit
1221 3000 1408 3068 Lycophrona

254 3072 290 3136 64
303 3072 348 3125 uel
361 3071 396 3137 46
409 3069 569 3139 tragoedias
582 3068 729 3139 scripsisse
743 3080 854 3140 praeter
865 3071 1057 3125 Alexandram
1072 3071 1081 3137 (
1103 3113 1109 3125 .
1124 3070 1196 3139 270),
1210 3088 1244 3125 ex
1257 3070 1360 3139 quibus
1377 3085 1407 3138 19

254 3142 371 3196 nomina
386 3141 492 3195 habent
510 3158 555 3210 ap.
570 3140 688 3195 Suidam
701 3140 827 3208 (Clinton
841 3143 873 3196 F.
889 3144 927 3196 H.
940 3142 977 3196 iii.
997 3158 1023 3211 p.
1040 3089 1109 3210 502).
1181 3144 1251 3196 532.
1270 3145 1408 3195 Haereat

253 3215 319 3267 fixa
338 3214 404 3283 figat
423 3229 454 3266 se
473 3221 501 3266 et
519 3213 643 3266 haereat.
714 3214 804 3266 fibris
822 3212 883 3266 siue
901 3212 1001 3267 iecoris
1020 3212 1080 3266 siue
1098 3211 1247 3282 pulmonis.
1288 3214 1353 3266 Hoc
1372 3212 1407 3265 ab

256 3283 312 3337 aiio
337 3283 450 3338 nemine
475 3282 587 3336 uidetur
607 3281 747 3336 traditum.
791 3284 848 3337 Sed
870 3300 927 3336 non
950 3284 1012 3338 sine
1033 3300 1119 3337 causa
1137 3282 1331 3352 Lycophronis
1351 3283 1411 3336 atri

256 3353 338 3420 (Stat.
361 3355 390 3409 S.
410 3373 436 3408 v.
458 3368 483 3421 3.
507 3353 566 3422 157)
587 3353 760 3407 mentionem
782 3353 847 3408 fecit
869 3363 954 3423 poeta
976 3353 1074 3422 Ibidis,
1094 3353 1227 3408 carminis
1249 3353 1296 3407 uix
1316 3353 1408 3406 minus

254 3424 433 3478 tenebricosi.
478 3423 532 3492 Qui
555 3424 631 3493 quod
653 3424 853 3478 cothurnatum
874 3441 939 3478 eum
960 3433 1052 3492 uocat,
1072 3424 1194 3494 respexit
1216 3423 1302 3478 credo
1324 3425 1408 3478 Alex·

255 3494 374 3548 andram
394 3510 466 3563 quae
485 3494 546 3547 sola
564 3494 642 3547 dicta
659 3505 702 3549 est
721 3492 736 3562 ι)
754 3495 883 3567 τραγῳδία
902 3496 1008 3564 (Schol.
1029 3497 1095 3563 Lyc.
1112 3495 1199 3562 1226),
1218 3494 1253 3549 cf.
1266 3493 1407 3548 Welckeri

256 3563 369 3618 Griech.
382 3566 466 3632 Trag.
480 3562 517 3616 iii.
536 3580 562 3632 p.
580 3576 655 3632 1259.
762 3567 830 3619 533.
848 3569 932 3619 lacer
950 3581 1105 3631 spargare.
1145 3565 1192 3619 Sic
1209 3565 1245 3619 de
1260 3565 1363 3619 eadem
1379 3582 1407 3617 re

256 3635 297 3686 M.
321 3633 358 3686 iii.
383 3645 441 3701 522,
465 3647 479 3700 3
501 3635 588 3687 Mille
611 3636 688 3688 lacer
708 3639 840 3706 spargere
861 3637 936 3705 locri,
958 3642 986 3690 et
1004 3638 1143 3706 sunguine
1163 3635 1254 3688 siluas
1272 3636 1408 3689 Foedahtk

255 3709 429 3772 matremque
448 3708 529 3756 tuem
551 3706 706 3773 matrisque
726 3723 838 3760 sorores
982 3709 1051 3761 534.
1077 3723 1179 3771 angue
1201 3712 1327 3762 oreatus
1347 3722 1408 3760 auo

257 3775 408 3842 Pentheus,
430 3772 503 3827 filius
524 3774 669 3843 Echionis,
688 3793 777 3846 nepos
798 3777 899 3832 Cadmi
917 3777 1047 3846 Apollod.
1068 3776 1104 3832 iii.
1125 3791 1150 3842 4.
1172 3792 1193 3845 1,
1213 3776 1251 3830 iii.
1273 3789 1295 3846 5.
1316 3792 1341 3844 2,
1360 3775 1406 3846 qui

256 3854 375 3899 amatre
388 3855 416 3899 et
429 3844 586 3898 materteris
600 3845 757 3916 discerptus
770 3856 821 3902 est.
863 3850 929 3902 Eur.
944 3849 1057 3915 Bacch,
1071 3848 1176 3902 Theoc.
1190 3847 1263 3902 xxvi.
1338 3851 1405 3901 535.

254 3920 339 3972 feros
358 3915 459 3970 ‘rude'
503 3916 586 3986 Verg.
607 3918 641 3971 E.
663 3929 684 3985 5.
705 3932 736 3971 21
757 3923 916 3988 montesque
927 3920 993 3989 seri
1011 3920 1155 3988 siluaeque
1173 3919 1313 3972 locuntur.
1362 3917 1407 3971 Sic

162 4048 164 4053 .
255 4006 334 4042 mare
348 3989 449 4058 serum
472 3987 532 4041 Cat.
555 3987 620 4042 lxiii.
643 4003 686 4055 40,
702 3989 779 4057 feris
799 3990 931 4058 Scythiae
952 3991 1168 4058 Sarmaticeque
1188 3990 1266 4060 iugis
1285 3988 1368 4042 Trist.
1389 3987 1406 4042 i.

255 4060 280 4113 8.
299 4075 341 4126 40.
473 4061 541 4112 536.
566 4062 704 4113 coniunx
730 4058 823 4114 Dirce.
875 4062 950 4130 Hyg.
970 4073 985 4126 7
1007 4061 1099 4129 Lycus
1121 4061 1227 4114 Dircen
1252 4061 1284 4112 in
1309 4059 1406 4112 matri·

254 4132 381 4184 monium
397 4130 489 4197 duxit,
501 4131 550 4183 cui
564 4131 686 4200 suspicio
702 4130 804 4184 charitat
821 4132 918 4198 uirum
936 4148 1020 4184 suurn
1036 4131 1108 4184 clam
1123 4147 1187 4184 cunc
1198 4130 1329 4199 Antiopa
1346 4144 1406 4183 con·

253 4201 393 4255 cubuisse:
411 4203 507 4270 itaque
518 4201 800 4270 c'rnperouitsamulis
812 4208 846 4255 ut
855 4220 917 4255 eam
930 4204 961 4256 in
973 4203 1092 4256 tenebris
1101 4204 1226 4256 uinctam
1239 4201 1404 4254 clauderent.

254 4274 303 4326 cui
317 4276 469 4342 postquam
489 4275 595 4341 partus
618 4271 749 4338 instabat,
773 4273 874 4341 effugit
896 4291 934 4327 en
955 4274 1079 4327 uinculis
1102 4274 1182 4326 Ioue's
1206 4273 1353 4326 uoluntate
1375 4271 1405 4322 in

255 4349 375 4396 montem
390 4342 602 4396 Cithaeronem:
619 4358 736 4410 cumque
747 4345 854 4411 partus
865 4348 1007 4412 premeret
1020 4349 1049 4397 et
1063 4349 1209 4413 quaereret
1225 4343 1276 4396 uhi
1283 4345 1404 4412 pareret,

255 4413 337 4466 dolor
355 4431 416 4466 eum
437 4415 469 4466 in
490 4415 551 4483 ijoso
572 4415 647 4467 hiuio
668 4414 757 4481 coegit
772 4415 893 4481 partam
914 4417 1000 4470 edere.
1040 4432 1110 4484 quos
1125 4418 1255 4484 pastores
1271 4412 1406 4483 proruis

255 4483 413 4536 educarunt
432 4490 459 4537 et
481 4485 665 4553 appellarunt
685 4482 794 4536 Zethon
815 4482 865 4538 ἀπὸ
887 4488 933 4539 τοῦ
955 4487 1038 4553 ζητεῖν
1058 4488 1147 4551 τόπον,
1169 4485 1291 4540 alterum
1313 4489 1405 4536 autern
